1578 2638
190 93 260 126 820
407 138 413 143 q
657 95 777 126 Indice
800 95 890 126 aene
905 75 1027 138 flasi

187 232 335 263 Attacco
359 230 425 263 ana
449 231 625 272 diligenza.
659 230 762 264 1818.

184 278 337 320 Attingit
367 288 449 320 ergo
474 290 494 310 a
520 278 588 311 fine
617 289 726 322 usque
751 279 795 311 ad
823 279 925 312 finem
957 279 1091 313 sortiter
1114 282 1149 312 et
1177 279 1330 324 disponit
1357 281 1474 314 omnia

235 327 399 359 suaviter.
427 334 511 368 345.
1319 347 1324 351 .

186 377 218 406 A
243 374 336 415 tutti,
363 377 400 407 se
423 374 538 414 vuole,
567 374 600 406 la
625 374 742 407 donna
766 375 798 406 la
822 375 868 407 sa.
896 375 980 416 383.

185 425 320 455 Auctor
343 433 432 465 opus
458 422 586 455 laudat.
620 430 723 465 1095.

184 470 364 502 Audacem
389 470 547 513 Forsque
571 470 760 513 Venusque
782 468 923 513 juvant.
954 479 1057 513 1195.

183 519 345 551 Audaces
371 518 508 550 fortuna
532 518 640 557 iuvat.
673 526 777 560 1195.

182 567 358 599 Audacter
383 566 603 606 calumniare,
631 577 765 608 semper
790 566 920 608 aliquid
946 566 1066 600 haeret.
1097 566 1178 599 806.

183 615 307 647 Audax
331 614 448 657 Japeti
472 624 593 656 genus.
623 614 706 656 865.

183 665 240 695 Au
266 663 468 695 demeurant
492 662 523 694 le
548 662 703 694 meilleur
730 661 784 694 fils
810 662 856 694 du
883 663 1022 695 monde.
1052 661 1158 702 2178.

184 710 362 743 Audentes
387 711 525 743 fortuna
549 710 657 742 iuvat.
689 719 794 752 1195.

183 759 377 791 Au-dessus
402 759 444 790 de
469 758 502 791 la
527 758 645 790 melee.
678 758 780 800 1875.

181 807 357 839 Audiatur
381 811 415 838 et
439 807 546 839 altera
571 817 661 848 pars.
691 806 774 838 606.

182 856 257 887 Auf
282 856 348 887 den
372 854 466 895 Tag!
500 862 602 896 1903.

182 903 259 935 Auf
278 903 426 944 Flfigeln
451 902 511 934 des
537 904 724 943 Gesanges.
758 902 860 943 1642.

181 951 317 992 Auguri
342 950 377 982 di
403 950 580 983 Cicerone.
615 950 717 982 1600.

180 996 433 1041 Aujourd'hui,
453 1009 491 1031 ce
515 998 575 1040 qui
594 1008 637 1030 ne
656 1001 737 1030 vaut
756 1008 817 1040 pas
834 998 866 1029 la
884 997 982 1040 peine
1007 995 1118 1029 d’etre
1135 996 1199 1037 dit,
1219 1006 1265 1029 on
1282 995 1314 1028 le
1329 995 1465 1029 chante.

236 1047 338 1078 1622.

179 1097 297 1127 Aurea
321 1094 551 1126 mediocritas.
582 1101 664 1134 270.

179 1145 298 1175 Aurea
322 1143 451 1182 Roma,
479 1143 590 1184 prima
613 1142 702 1173 inter
728 1142 843 1173 urbes.
873 1141 956 1181 996.

180 1191 269 1223 Auri
294 1201 389 1222 sacra
414 1191 533 1222 sames.
566 1198 646 1231 134.

180 1240 340 1271 Austriae
365 1239 429 1270 Est
455 1239 625 1280 Imperare
651 1237 733 1269 Orbi
760 1238 940 1268 Universa
974 1245 1076 1268 1020.

179 1288 320 1319 Austria
344 1287 419 1318 Erit
444 1287 485 1318 In
511 1286 603 1318 Orbe
628 1285 771 1316 Ultima.
804 1293 906 1317 1020.

180 1337 254 1367 Aut
279 1334 396 1367 Caesar
420 1339 479 1366 aut
504 1333 604 1366 nihil.
636 1341 738 1375 1040.

178 1385 252 1415 Aut
277 1382 382 1422 hunc,
409 1386 469 1414 aut
494 1392 596 1424 super
620 1381 698 1413 hoc.
728 1381 809 1422 699.

177 1433 251 1463 Aut
276 1430 404 1462 insanit
428 1430 547 1469 homo,
575 1433 634 1460 aut
658 1439 779 1461 versus
806 1429 896 1461 sacit.
931 1428 1033 1469 1631.

178 1481 251 1511 Aut
278 1478 371 1517 nihil,
400 1483 459 1510 aut
484 1478 609 1510 Caesar.
643 1485 745 1518 1040.

177 1529 249 1558 Aut
273 1537 413 1566 nomen,
441 1531 499 1558 aut
525 1525 611 1556 nihil
637 1526 732 1557 satis.
762 1533 844 1556 201.

175 1575 444 1606 Autodecisione
470 1574 522 1605 dei
548 1573 678 1615 popoli.
714 1573 816 1612 1908.

178 1622 399 1654 Automobile
425 1621 588 1653 blindata.
622 1630 634 1651 1
644 1621 662 1651 8
671 1629 682 1651 1
691 1620 710 1651 8
717 1645 724 1652 .

179 1671 295 1711 Αὐτός
321 1671 403 1711 ἔφα.
438 1677 540 1712 1541.

174 1720 292 1750 Avant
317 1718 375 1749 dix
401 1727 462 1749 ans
497 1720 593 1749 toute
627 1713 795 1758 l’Europe
831 1716 999 1757 peut-etre
1034 1723 1192 1755 eosaque,
1223 1723 1268 1744 ou
1300 1717 1395 1744 toute
1420 1723 1463 1744 en

225 1766 442 1808 republique.
475 1773 578 1806 1033.

175 1813 318 1853 Avanti,
331 1813 460 1852 avanti,
476 1812 591 1844 avanti
606 1811 608 1843 ἶ
624 1812 697 1843 Con
711 1811 744 1842 la
759 1810 896 1842 fiaccola
910 1810 945 1842 in
958 1819 1074 1852 pugno
1087 1819 1105 1840 e
1119 1818 1183 1841 con
1200 1808 1233 1839 la
1249 1807 1364 1840 scure!
1378 1807 1460 1849 649.

176 1863 314 1900 Avanti,
344 1861 411 1902 figli
438 1861 472 1892 d'
486 1860 596 1898 Italia,
618 1861 635 1891 ὲ
661 1859 750 1891 bello
776 1859 809 1890 di
835 1859 955 1890 morire
981 1868 1039 1900 per
1066 1858 1096 1889 la
1124 1855 1285 1888 Francia!
1312 1855 1412 1896 1855.

176 1911 301 1941 Avanti
327 1911 337 1940 i
363 1908 484 1940 morti!
519 1908 619 1947 1877.

175 1959 315 1995 Avanti,
344 1967 365 1988 o
391 1957 536 1997 giovani,
562 1954 567 1999 Ι
591 1955 664 1987 Con
690 1954 766 1986 fede
791 1955 918 1985 franca.
949 1954 1030 1984 660.

173 2007 270 2036 Avea
294 2005 350 2036 del
376 2015 454 2037 c....
471 2004 556 2036 fatto
582 2003 780 2035 trombetta.
816 2010 918 2043 1399.

173 2054 259 2091 Ave,
290 2053 494 2094 Imperator,
523 2050 678 2083 morituri
705 2053 738 2082 te
764 2049 926 2082 salutant.
958 2056 1039 2088 701.

172 2101 286 2132 Avere
311 2100 334 2131 il
360 2099 508 2132 cervello
533 2098 624 2131 nella
649 2097 799 2129 schiena.
830 2104 910 2139 741.

172 2149 268 2179 Aver
293 2148 440 2190 perduto
465 2147 488 2178 il
515 2147 582 2178 ben
608 2143 884 2177 dell’intelletto.
918 2151 1020 2186 1555.

172 2192 217 2226 A’
228 2195 299 2227 voli
313 2199 437 2238 troppo
450 2195 509 2226 alti
523 2205 540 2226 e
554 2193 722 2236 repentini
739 2191 741 2236 !
758 2192 923 2234 Sogliono
937 2193 948 2223 i
961 2191 1120 2234 precipizj
1136 2200 1227 2222 esser
1241 2188 1357 2222 vicini.
1376 2196 1455 2230 529.

172 2291 307 2331 Bagnar
331 2290 383 2321 coi
409 2289 481 2321 Soli
506 2299 524 2321 e
549 2289 719 2329 rasciugar
745 2288 797 2319 coi
825 2287 933 2319 fiumi.
965 2287 1070 2327 2136.

172 2337 658 2379 Bagolamentosotoscultura.
689 2343 795 2377 2052.

173 2385 339 2417 Bandiera
364 2386 482 2416 bianca
509 2384 716 2415 s'innalzerii
743 2388 771 2419 (υ
790 2384 975 2422 trionserz‘i).
1006 2387 1087 2413 660.

173 2434 339 2465 Bandiera
366 2443 459 2464 rossa
485 2433 655 2463 trionfera.
686 2432 767 2462 660.
