1578 2638
186 102 254 144 878
656 107 774 139 Indice
798 108 888 140 delle
902 108 1008 151 frasi

183 241 305 283 Questi
330 241 486 274 sciaurati
513 242 575 274 che
600 243 667 275 mai
692 254 763 276 non
788 244 842 277 sur
867 244 952 278 vivi.
985 253 1088 287 1490.

182 289 314 331 Questo
339 290 477 321 mestier
501 290 631 322 davver
655 301 727 323 non
751 292 770 324 ὲ
795 301 856 334 per
881 296 926 325 te.
955 294 1039 326 818.

181 336 314 378 Questo
330 337 422 369 secol
439 342 566 377 morto,
585 338 618 370 al
634 339 734 381 quale
753 339 912 372 iucombe
932 339 938 380 Ι
961 341 1072 384 Tanta
1089 341 1216 375 nebbia
1231 342 1268 374 di
1284 342 1390 376 tedio.
1406 345 1465 375 61.

181 385 313 426 Questo
338 385 464 426 sigaro‚
485 386 629 425 Maesta,
650 387 669 418 ὲ
693 386 717 418 il
742 387 802 429 piu
828 387 884 420 bel
908 388 1029 429 giorno
1055 388 1145 422 della
1169 389 1237 422 mia
1253 390 1338 423 vita.
1360 398 1465 430 2209.

181 432 253 474 Qui
274 432 371 465 addit
397 433 584 473 scientiam,
614 434 709 466 addit
734 439 768 467 et
792 435 958 470 laborem.
989 443 1093 478 1530.

180 480 270 522 Quia
295 481 368 512 dies
392 481 549 521 Domini,
576 482 664 514 sicut
689 483 742 514 sur
766 483 802 514 in
826 487 952 524 nocte‚-
968 484 1016 516 ita
1041 485 1167 517 veniet.
1201 485 1303 527 1446.

180 528 269 570 Quia
292 528 328 559 in
354 533 519 561 aeternum
545 539 617 562 non
641 531 927 564 commovebitur.
956 539 1037 573 327.

180 576 249 617 Qui
273 580 364 608 amat
388 577 576 618 periculum
601 578 637 609 in
662 578 722 610 illo
747 579 885 621 peribit.
917 581 1019 621 1328.

179 624 269 665 Quia
292 634 363 656 non
388 624 452 657 erit
475 625 690 667 impossibile
715 626 807 668 apud
831 627 946 659 Deum
972 638 1074 660 omne
1100 628 1256 661 verbum.
1289 637 1404 670 1441.-

178 671 267 713 Quia
291 675 433 704 ventum
458 673 677 705 seminabunt
702 677 735 706 et
761 674 933 707 turbinem
959 678 1099 709 metent.
1127 676 1210 716 692.

179 719 247 760 Qui
273 719 350 752 bale
374 730 453 752 sans
479 731 543 753 son
564 720 570 763 Ι
592 721 799 754 Rassemble
823 723 970 756 Babion.
1001 731 1106 765 2049.

178 767 271 809 Quid
295 771 408 800 autem
436 768 532 800 vides
557 769 720 801 festucam
746 769 781 801 in
806 770 906 802 oculo
931 771 1042 803 fratris
1069 771 1132 803 tui.
1165 772 1266 812 1798.

178 815 283 856 Quid,
311 816 354 848 de
378 826 518 858 quoque
542 816 617 849 viro
643 821 677 849 et
702 817 756 849 cui
781 818 888 858 dicas,
917 829 1008 861 saepe
1034 818 1163 852 videto.
1195 826 1298 860 1115.

177 863 246 904 Qui
270 862 441 896 desiderat
466 875 598 906 pacem,
626 869 795 907 praeparet
820 865 960 899 bellum.
993 874 1072 908 714.

176 910 245 952 Qui
271 910 314 942 de
338 914 428 943 terra
453 915 516 951 est,
545 912 588 944 de
615 916 703 944 terra
730 913 894 955 loquitur.
929 921 1032 955 1394.

176 958 245 1000 Qui
270 958 384 990 diable
409 963 515 991 est-ce
541 960 631 992 donc
656 957 767 1003 qu'on
793 966 926 1003 trompe
952 962 1024 995 ici?
1052 963 1133 1004 546.

178 1006 245 1048 Qui
271 1006 401 1039 distulit
427 1007 497 1046 diu,
526 1008 647 1040 noluit.
681 1008 760 1050 164.

175 1054 269 1095 Quid
293 1065 347 1086 me
373 1055 441 1087 alta
466 1055 602 1088 silentia
627 1056 721 1098 cogis
743 1057 748 1101 Ι
771 1057 975 1099 Rumpere?
1007 1065 1109 1098 1132.

175 1101 268 1143 Quid
293 1112 365 1134 non
390 1103 546 1135 mortalia
573 1107 711 1146 pectora
736 1105 829 1146 cogis
852 1102 857 1148 Ι
880 1104 966 1136 Auri
993 1115 1087 1136 sacra
1111 1106 1229 1138 sames.
1263 1114 1341 1147 134.

177 1149 271 1190 Quid
296 1150 378 1182 novi
405 1161 446 1182 ex
471 1151 610 1184 Africa?
642 1152 743 1193 1038.

175 1196 244 1238 Qui
269 1197 383 1230 donne
408 1209 474 1230 aux
501 1209 661 1241 pauvres,
689 1202 783 1241 prete
809 1201 828 1231 a
853 1200 955 1232 Dieu.
989 1200 1067 1233 168.

175 1244 354 1287 Quidquid
379 1245 525 1278 delirant
550 1257 659 1288 reges,
687 1247 883 1289 plectuntur
908 1247 1047 1280 Achivi.
1080 1255 1183 1288 1377.

175 1292 354 1335 Quidquid
378 1298 430 1326 est
454 1295 488 1326 in
514 1295 688 1327 intellectu
715 1306 870 1337 praeesse
896 1295 1019 1327 debere
1045 1295 1081 1327 in
1106 1306 1221 1328 sensu.
1255 1295 1357 1329 1668.

175 1340 354 1382 Quidquid
379 1342 444 1373 sub
470 1346 559 1374 terra
584 1347 645 1381 est,
676 1343 711 1374 in
737 1343 888 1385 apricum
914 1343 1061 1385 proferet
1087 1348 1182 1377 aetas.
1215 1345 1316 1386 1658.
1347 1359 1351 1363 ⁴
1416 1370 1419 1374 .

174 1388 272 1430 Quid
297 1389 423 1421 Romae
450 1390 594 1423 faciam?
621 1390 762 1423 Mentiri
787 1391 916 1423 nescio.
949 1398 1053 1433 1570.

173 1435 266 1478 Quid
292 1437 336 1468 sit
361 1437 514 1469 futurum
539 1449 626 1478 craS,
654 1439 732 1480 suge
756 1449 922 1480 quaerere.
955 1446 1058 1480 1520.

173 1483 241 1525 Qui
266 1494 284 1516 e
309 1495 395 1516 nuce
420 1485 578 1517 nucleum
605 1496 679 1518 esse
705 1486 789 1526 volt,
819 1486 944 1528 frangit
969 1497 1103 1519 nucem.
1138 1495 1242 1530 1414.

172 1531 240 1573 Qui
271 1531 321 1571 fit,
360 1533 546 1574 Maecenas,
575 1537 612 1565 ut
644 1538 757 1574 nemo,
787 1545 889 1576 quam
920 1534 985 1566 sibi
1012 1539 1138 1567 sortem
1161 1535 1164 1576 Ι
1188 1535 1256 1567 Seu
1286 1534 1371 1567 ratio
1399 1532 1463 1596 de··

221 1579 321 1612 derit.
353 1587 434 1621 274.

173 1627 238 1668 Qui
263 1629 355 1668 giace
381 1629 529 1660 I'Aretin
556 1635 656 1671 poeta
683 1635 776 1661 tosco
800 1629 803 1672 Ι
827 1629 898 1661 Che
925 1630 1012 1661 disse
1038 1630 1104 1661 mal
1131 1630 1165 1661 d’
1170 1640 1283 1671 ognun
1304 1631 1378 1661 fuor
1397 1628 1456 1660 che

219 1675 252 1706 di
278 1676 345 1707 Dio
369 1677 372 1719 Ι
397 1677 600 1708 Scusandosi
626 1677 678 1708 col
705 1677 766 1715 dir,
796 1688 863 1708 non
890 1677 923 1708 lo
950 1688 1107 1709 conosco.
1141 1686 1242 1720 1235.

170 1722 239 1764 Qui
263 1723 356 1764 giace
380 1734 427 1755 un
454 1724 634 1756 Cardinale
656 1725 661 1767 Ι
685 1724 760 1757 Che
785 1722 828 1756 se’
846 1725 904 1766 piu
931 1725 998 1756 mal
1023 1725 1084 1756 che
1111 1725 1212 1758 bene.
1240 1734 1344 1767 2141.

170 1770 238 1811 Qui
264 1771 368 1803 habet
392 1782 492 1803 aures
517 1772 693 1811 audiendi,
721 1772 848 1805 audiat.
882 1779 985 1814 1337.

169 1817 238 1859 Qui
263 1818 299 1850 in
323 1819 431 1851 altum
457 1819 562 1851 mittit
588 1819 747 1862 lapidem,
778 1831 880 1862 super
905 1824 1008 1862 caput
1034 1821 1107 1862 ejus
1135 1820 1246 1853 cadet.
1280 1819 1381 1861 1462.

169 1865 236 1906 Qui
263 1866 395 1899 invenit
420 1866 515 1899 illum
542 1869 727 1908 (amicum),
758 1868 890 1899 invenit
916 1867 1127 1901 thesaurum.
1157 1867 1215 1910 65.

169 1910 237 1954 Qu’
243 1913 283 1945 ils
309 1919 470 1955 mangent
496 1915 555 1946 des
583 1915 752 1948 brioches.
786 1916 888 1956 1382.

168 1959 283 2002 Qu'ils
309 1962 420 1995 soient
445 1973 482 1994 ce
507 1960 613 2004 qu’ils
638 1968 716 1995 sont
742 1974 786 1994 ou
812 1961 917 2005 qu’ils
943 1974 985 1995 ne
1011 1963 1121 1995 soient
1147 1962 1236 2005 plus.
1270 1963 1370 1995 1061.

168 2008 236 2049 Qui
263 2019 315 2041 me
341 2010 508 2042 delivrera
533 2011 593 2042 des
619 2011 722 2043 Grecs
747 2015 781 2042 et
806 2011 866 2043 des
892 2012 1087 2044 Romains?
1116 2017 1220 2050 2177.

169 2056 235 2097 Qui
261 2057 367 2089 molto
393 2058 478 2090 bene
504 2065 695 2091 resteremo.
731 2059 831 2100 1833.

169 2104 333 2145 Quinctili
359 2106 463 2146 Vare,
491 2105 642 2146 legiones
669 2106 793 2138 redde!
823 2108 905 2147 476.

168 2151 236 2192 Qui
261 2162 303 2183 ne
330 2153 394 2185 sait
418 2153 585 2195 compatir
610 2164 674 2185 aux
703 2164 803 2185 maux
830 2152 916 2196 qu’il
943 2165 962 2185 a
987 2153 1170 2186 soufferts?
1197 2160 1279 2194 431.

167 2198 235 2240 Qui
261 2210 331 2231 non
356 2204 408 2232 est
434 2211 579 2240 mecum,
608 2206 726 2234 contra
752 2211 805 2233 me
830 2206 893 2234 est.
925 2208 981 2241 77.

167 2247 235 2287 Qui
260 2257 330 2279 non
356 2258 418 2280 son
446 2249 605 2281 semmine
632 2249 675 2280 da
702 2249 814 2281 conio.
849 2256 950 2290 1793.

167 2294 234 2336 Qui
259 2304 347 2327 nous
373 2295 539 2328 delivrera
564 2297 624 2328 des
651 2296 755 2329 Grecs
781 2301 814 2328 et
840 2297 899 2328 des
927 2296 1118 2329 Romains?
1146 2301 1250 2334 2177.

166 2341 234 2383 Qui
260 2342 373 2383 oblige
398 2341 559 2384 s’oblige.
588 2345 670 2377 686.

166 2389 234 2430 Qui
260 2391 367 2432 parcit
393 2390 498 2431 virgae
524 2391 598 2423 odit
628 2391 749 2424 filium.
780 2394 862 2433 469.

167 2439 250 2478 Quis
276 2444 391 2470 contra
418 2438 505 2469 nos?
539 2439 638 2479 1834.

1567 469 1578 520 ...μὴ
1567 395 1578 461 hm.-
1566 348 1578 383 ..aa
1568 231 1578 338 ...ΜΔ-...μ
1574 193 1578 215 ...
1570 114 1578 162 :Ans-

1570 863 1578 900 Αη.
1566 710 1578 847 smmi-:mx
1569 669 1578 699 zm*
1563 629 1566 633 “
1564 559 1566 562 “

1559 975 1578 1254 ,μωωωῑὲαῆῂᾶιι-
1564 902 1578 959 Asc„

1563 2164 1578 2176 z
1544 2138 1576 2154 «ὲ
1550 1485 1578 2123 mfflssflmfflmmu
1555 1390 1578 1478 imm
1570 1348 1578 1380 ..,
1551 1309 1578 1341 ζ’.
