1578 2638
1333 92 1402 138 589

125 235 249 291 1766.
280 236 579 280 ‘Considerate
608 238 655 279 la
685 243 842 278 vostra
871 248 1105 278 semema:

341 309 465 351 Fatti
497 323 590 350 non
621 308 739 350 foste
770 322 798 349 a
829 307 962 348 viver
991 320 1121 348 come
1151 305 1288 354 bruti,

340 380 423 422 Ma
452 393 535 434 per
565 380 721 435 seguir
752 379 924 420 virtute
956 392 982 420 e
1012 389 1307 420 conoscenza.

832 460 983 496 (Inferna,
1001 467 1029 486 c.
1047 458 1166 490 XXVI,
1181 468 1212 486 v.
1233 459 1370 489 118-120).

119 546 151 579 E
178 553 365 581 veramente
390 547 490 590 quale
514 557 619 589 scopo
643 546 687 578 ha
718 546 750 578 la
776 546 865 578 vita?
892 546 974 578 Non
1003 550 1094 577 certo
1119 544 1233 587 quello
1258 544 1406 576 soltanto

121 607 155 639 di
180 617 347 650 appagare
371 607 416 648 gli
441 609 543 639 istinti
570 607 731 639 materiali
757 607 812 638 del
837 617 962 648 corpo:

127 693 250 742 1767.
283 690 396 732 Esse
417 697 597 744 oportet
616 697 667 731 ut
689 691 833 738 vivas,
859 703 952 731 non
981 689 1151 737 vivere,
1178 695 1231 730 ut
1251 689 1375 730 edas.

96 821 107 831 ,
123 792 196 824 dice
220 793 244 824 l’
254 793 371 834 ignoto
393 798 510 825 autore
535 793 589 824 dei
614 793 716 824 Libri
732 793 912 824 Rhetorici
926 793 973 822 ad
996 792 1217 823 Herennium
1245 791 1309 831 (sia
1332 800 1409 822 esso

123 851 318 884 C1ctnomz
349 863 383 890 o,
415 863 511 884 come
535 852 658 893 meglio
690 853 716 884 si
750 852 859 890 crede,
889 852 1128 889 comunem,
1164 851 1210 882 od
1237 850 1324 891 altn‘)
1352 849 1408 882 nel

122 911 182 943 lib.
196 911 264 950 IV,
284 921 360 954 cap.
380 911 438 950 28,
458 910 477 955 ξ
494 920 560 953 39;
577 923 599 943 o
611 911 717 944 anche
734 911 994 953 QmNTILIANo
1016 911 1116 951 (lust.
1135 915 1238 946 orat..
1256 909 1317 942 lib.
1331 909 1405 948 IX,

123 980 200 1013 cap.
227 979 263 1013 3,
284 969 403 1015 §85):
432 973 512 1003 Non
538 976 580 1003 ut
602 973 701 1003 edam
725 973 814 1007 vivo,
842 973 903 1003 sed
926 975 967 1002 ut
991 973 1103 1002 vivam
1129 971 1203 1002 edo.
1229 970 1280 1001 Le
1303 975 1409 1002 stesse

123 1030 238 1072 parole
254 1030 327 1063 dice
346 1031 524 1063 Ismenus
547 1032 797 1064 HISPALENSIS
814 1031 901 1062 nelle
932 1031 1077 1073 Onjgv'm‘
1094 1030 1157 1070 (ΙΙ,
1179 1038 1238 1067 21,
1263 1030 1334 1070 13),
1353 1039 1409 1060 ma

124 1090 157 1122 la
175 1091 268 1122 fonte
285 1100 428 1123 comune
447 1091 480 1122 di
500 1096 618 1132 queste
634 1097 790 1123 sentenze
808 1091 892 1123 deve
908 1091 997 1122 forse
1012 1091 1179 1122 ricercarsi
1198 1090 1232 1121 in
1249 1099 1318 1121 una
1333 1099 1408 1120 sen-

124 1155 220 1182 tenza
244 1150 278 1182 di
304 1150 479 1182 SoanTE
499 1152 725 1183 conservataci
751 1151 795 1182 da
819 1151 1037 1188 MAcRomo,
1057 1150 1101 1181 da
1126 1150 1345 1186 monaco,
1366 1148 1410 1180 da

124 1209 302 1242 mosum:
328 1210 497 1242 LAEnzlo
526 1210 588 1250 (11,
619 1219 676 1251 34)
706 1220 724 1242 e
750 1210 793 1241 da
818 1210 905 1242 altri.

171 1269 201 1300 E
218 1279 282 1300 con
301 1270 359 1311 pifi
377 1269 519 1301 modesti
538 1270 769 1302 intendimenti
787 1271 991 1302 ammonisce
1011 1270 1214 1301 MARZIALE
1231 1268 1309 1300 che:

132 1351 254 1402 1768.
288 1350 394 1392 Non
428 1358 496 1393 est
527 1352 697 1401 vivere,
731 1353 810 1394 sed
844 1353 1009 1400 valere,
1043 1351 1152 1393 vita.

833 1434 969 1468 (Epist,
989 1432 1043 1458 nb.
1064 1432 1121 1465 w,
1140 1440 1187 1466 ep.
1208 1433 1252 1463 το,
1272 1442 1300 1460 v.
1321 1432 1374 1466 ιε).

174 1519 320 1561 Quando
346 1521 372 1551 si
398 1521 416 1552 ὲ
441 1522 627 1552 rinunziato
644 1520 687 1552 ad
712 1522 790 1561 ogni
815 1520 884 1552 alto
910 1530 1014 1562 scopo
1038 1519 1127 1551 della
1153 1520 1232 1558 vita,
1252 1518 1314 1551 che
1332 1529 1411 1551 cosa

127 1585 215 1611 resta
239 1579 273 1610 di
298 1580 395 1611 essa?
421 1580 500 1612 Cosi
526 1590 613 1622 poco
639 1580 701 1611 che
726 1590 793 1611 non
822 1579 894 1611 vale
919 1580 976 1621 piu
1003 1578 1035 1610 la
1059 1589 1147 1621 pena
1171 1579 1204 1610 di
1231 1579 1359 1610 vivere:

133 1664 255 1713 1769.
287 1662 531 1704 Summum
564 1664 700 1704 crede
731 1663 860 1704 nefas
892 1663 1094 1703 animam
1126 1661 1343 1715 praeferre

1228 1733 1412 1788 pudori,

286 1806 347 1848 Et
366 1813 554 1862 propter
576 1806 718 1847 vitam
748 1806 935 1847 vivendi
962 1806 1152 1859 perdere
1178 1734 1374 1847 cgussas.

126 1909 195 1940 cosi
220 1908 424 1940 nobilmente
459 1910 661 1950 simprovera
688 1908 915 1939 GloVESALE
941 1907 1073 1947 (Saura
1097 1907 1204 1945 VIII,
1233 1917 1266 1939 v.
1287 1906 1408 1949 83·84)

124 1966 239 1999 coloro
264 1968 316 1999 nei
343 1967 433 2009 quali
459 1967 483 1998 1²
497 1972 742 1999 attaccamento
767 1966 832 1998 alla
858 1968 925 1998 vita
950 1967 1057 1998 arriva
1082 1965 1150 1998 fino
1175 1966 1217 1998 ad
1246 1972 1413 1999 accettare

124 2028 212 2069 turpi
239 2028 437 2059 transazioni
464 2038 526 2058 con
550 2027 583 2058 la
608 2027 741 2068 propria
767 2027 952 2058 coscienza.

174 2078 203 2118 ΪΞ
228 2086 259 2118 la
285 2088 370 2118 virts:
396 2086 456 2118 che
482 2088 599 2128 spinge
624 2086 760 2118 l'uomo
786 2097 806 2117 a
830 2086 917 2117 belle
935 2096 952 2117 e
978 2086 1081 2117 nobili
1108 2087 1228 2124 azioni,
1258 2087 1368 2126 giusta
1390 2086 1412 2118 il

128 2156 221 2178 verso
246 2146 279 2177 di
308 2147 483 2177 Lueaso:

132 2270 231 2310 1767.
261 2272 406 2312 Bisogna
433 2273 600 2313 mangiare
627 2282 684 2313 per
710 2273 830 2310 vivere,
859 2282 925 2303 uon
954 2273 1061 2304 vivere
1086 2282 1146 2315 per
1171 2274 1352 2313 mangiare.

134 2323 234 2363 1768.
263 2326 311 2356 La
330 2326 397 2356 vita
415 2336 482 2357 non
501 2332 551 2357 sta
577 2325 630 2357 nel
649 2326 769 2362 vivere,
793 2336 847 2357 ma
872 2325 950 2357 uell'
962 2336 1052 2358 esser
1069 2326 1168 2358 validi
1188 2327 1290 2367 (ossio
1309 2327 1410 2366 sani).

134 2380 233 2417 ¹709.
265 2380 325 2410 Per
351 2380 539 2422 turpissima
565 2390 643 2411 cosa
672 2380 760 2411 avrai
782 2379 1000 2423 ,l'antepon’e
1028 2380 1061 2412 la
1086 2382 1153 2413 vita
1183 2380 1364 2413 all’onore.
1394 2389 1412 2410 e

310 2444 371 2474 pur
397 2434 428 2463 di
456 2433 581 2464 salvare
607 2433 638 2465 la
665 2435 742 2470 vita,
771 2433 908 2474 perdere
933 2435 1010 2474 ogni
1038 2435 1171 2474 ragione
1189 2434 1221 2465 di
1242 2435 1362 2464 vivere.
