1578 2638
257 83 326 114 280
413 123 428 134 .
746 83 814 114 Chi
834 82 917 114 l'ha
941 82 1059 114 detto?

259 223 358 272 872.
391 220 444 261 In
478 220 693 262 omnibus
724 205 940 275 operibus
970 219 1062 262 tuis
1100 230 1354 262 memorare
1391 204 1543 261 novis'ss

452 292 568 333 sima
593 297 686 342 tua,
713 298 759 333 et
789 291 837 332 in
870 297 1095 333 aeternurn
1129 303 1222 332 non
1252 289 1480 344 peccabis.

955 371 1200 405 (Ecclesiastico,
1219 377 1288 405 cap.
1306 369 1381 403 VII,
1400 360 1430 397 vv.
1447 370 1504 405 40).

259 456 308 504 87
320 466 356 504 3.
391 452 575 502 Omnia,
608 467 714 506 quae
746 453 804 493 de
835 458 956 494 terra
987 457 1107 500 sunt,
1139 451 1188 492 in
1223 456 1391 493 terram
1433 463 1541 493 con-

450 530 700 567 vertentur.

634 605 879 640 (Ecclesiastico,
900 612 967 638 cap.
986 604 1042 635 XI,
1062 612 1092 631 v.
1113 605 1154 637 ll,
1174 612 1191 629 e
1211 611 1279 638 cap.
1298 603 1381 635 XLI,
1401 611 1430 630 v.
1451 603 1504 638 1³).

307 688 471 720 Venendo
497 689 525 719 ai
552 688 679 719 classici
706 688 798 719 latini
825 687 982 718 abbiamo
1007 686 1040 718 la
1064 691 1222 718 sentenza
1246 685 1280 717 di
1305 686 1479 717 PLAUTo:

258 769 368 817 874:
703 764 852 818 Quem
885 761 933 805 di
963 764 1167 818 diligunt

631 837 921 878 Adulescens
952 835 1157 876 moritur.

877 917 1070 951 (Bacchides,
1090 924 1116 943 a.
1130 916 1186 948 IV,
1206 924 1250 942 sc.
1270 915 1296 949 4,
1317 924 1345 942 v.
1367 916 1504 949 786-787).

255 1001 277 1031 il
303 1000 402 1042 quale
429 1000 482 1031 del
507 1005 598 1031 resto
623 1009 691 1030 non
717 1000 788 1030 fece
814 998 874 1029 che
902 997 1051 1029 tradune
1076 1007 1122 1028 un
1150 1007 1244 1028 verso
1263 996 1298 1028 di
1315 997 1540 1028 MENANDRO

257 1061 484 1091 conservatoci
511 1059 555 1090 da
581 1059 739 1090 Plutarco
768 1058 901 1098 (fragm.
935 1065 1012 1098 124,
1042 1057 1096 1088 ed.
1126 1055 1264 1096 Koch):

497 1132 564 1164 “Ov
589 1133 621 1163 οἰ
647 1131 720 1164 θεοὶ
746 1131 903 1173 φιλοῦσιν
930 1130 1146 1172 ἀποθνήσκει
1171 1130 1261 1170 νέος.

304 1216 370 1247 Dal
397 1217 509 1247 divino
536 1217 718 1247 VIRGILIO
746 1215 837 1255 tolgo
863 1215 895 1246 la
920 1215 1050 1256 pietosa
1075 1215 1307 1246 invocazione:

257 1296 307 1345 87
317 1306 355 1345 5.
391 1293 533 1334 Parce
565 1293 758 1346 sepulto.
1093 1312 1232 1345 (emas,
1252 1312 1307 1338 xib.
1327 1312 1383 1344 111,
1403 1320 1431 1339 v.
1449 1311 1506 1344 ιι).

257 1403 274 1423 e
301 1392 333 1423 la
359 1393 443 1423 frase
464 1392 496 1423 di
523 1391 675 1422 Didone:

259 1471 356 1520 876.
983 1467 1236 1507 Moriemur
1266 1456 1451 1506 inultab!

392 1539 484 1581 Sed
518 1540 778 1587 moriamur,
811 1540 887 1581 ait.
921 1539 1011 1587 Sic,
1045 1538 1109 1579 sic
1137 1538 1272 1591 juvat
1302 1537 1367 1578 ire
1398 1537 1483 1578 sub

1324 1609 1541 1664 [umbras.

1007 1691 1147 1727 (Endde,
1166 1690 1223 1718 lib.
1243 1690 1300 1723 1V,
1319 1698 1347 1717 v.
1366 1690 1506 1724 658-659).

259 1776 301 1806 da
327 1778 468 1806 Ovuno
496 1776 525 1806 le
551 1775 665 1817 parole
692 1775 787 1806 solite
814 1786 833 1804 a
858 1773 1007 1815 scolpirsi
1033 1772 1117 1803 sune
1144 1771 1258 1804 tombe
1275 1771 1327 1803 dei
1345 1772 1491 1803 romani:

261 1858 358 1904 877.
617 1851 819 1893 Molliter
850 1864 951 1892 ossa
982 1851 1164 1891 cubent.

927 1932 1102 1965 (Tris-tium,
1122 1931 1177 1957 lib.
1197 1931 1252 1964 111,
1273 1931 1311 1957 el.
1331 1930 1386 1963 111,
1407 1938 1433 1957 v.
1455 1930 1507 1963 76).

262 2048 342 2085 872.
372 2046 410 2076 In
440 2051 524 2077 tuuc
550 2045 579 2076 le
607 2051 661 2076 tue
688 2045 794 2076 azioni
821 2043 975 2075 ricordati
1001 2042 1054 2074 del
1081 2047 1139 2074 tuo
1175 2042 1294 2073 ultimo
1320 2041 1396 2078 fine,
1426 2052 1443 2072 e
1475 2050 1541 2072 non

419 2099 590 2140 peccherai
619 2100 650 2130 in
678 2104 805 2130 eterno.

262 2154 343 2195 873.
372 2154 478 2184 'sutto
504 2153 617 2193 quello
643 2152 704 2184 che
731 2153 823 2183 viene
849 2151 938 2183 dalla
964 2156 1061 2188 terra,
1090 2150 1250 2181 ritornera
1277 2154 1374 2180 terra.

264 2208 344 2249 874.
374 2207 471 2239 Colui
499 2206 559 2237 che
585 2206 629 2246 gli
655 2206 706 2237 dei
734 2215 868 2243 amano,
897 2213 1014 2236 muore
1040 2204 1184 2243 giovine.

263 2261 303 2300 87
311 2269 344 2303 5.
375 2260 529 2291 Perdona
556 2271 574 2290 a
599 2260 651 2291 chi
678 2262 695 2291 ὸ
721 2259 911 2302 seppellito.

264 2314 345 2353 876,
374 2314 490 2344 Moru&
507 2313 738 2344 invendicata!
759 2313 912 2350 Ebbene,
935 2314 959 2343 si
987 2313 1111 2349 muoia,
1135 2311 1234 2343 disse.
1259 2310 1351 2348 Cosi,
1371 2309 1439 2341 cos}
1456 2308 1541 2340 devo

421 2367 578 2398 scendere
605 2368 652 2397 fra
680 2367 708 2397 le
735 2367 863 2398 ombre.

267 2423 347 2464 877.
378 2421 547 2465 Riposino
573 2420 782 2452 dolccmente
808 2420 837 2451 le
864 2430 951 2452 ossa.
