1578 2638
191 116 259 152 7²4
670 110 854 159 -ctu‘z’tm
877 109 1008 142 acme«
1469 151 1482 157 Δ

237 249 287 280 La
311 249 475 281 metafora

194 340 321 379 2003.
356 326 510 367 Pietra
541 326 661 367 dello
692 327 924 370 scandalo.

190 431 207 461 ὲ
233 429 317 461 tolta
342 429 375 460 di
400 430 517 471 pianta
545 428 636 461 dalla
661 428 783 461 Bibbia
807 439 870 460 ove
895 430 914 460 ὲ
938 430 973 461 in
1002 429 1063 472 piu
1094 427 1390 471 luoghirripetutffi
1418 431 1479 471 per

189 489 337 530 esempio
362 488 396 518 in
422 488 525 524 Jsaz‘a,
548 497 624 529 cap.
648 487 755 526 VIII,
785 498 817 519 v.
851 496 909 529 14:
937 487 981 518 In
1007 488 1158 529 lapidem
1182 491 1298 519 autem
1323 486 1477 530 affin-vio·

190 549 254 582 nis,
285 551 318 578 et
342 548 379 578 in
401 551 540 588 petram
565 547 726 578 scandali
747 548 883 578 duabus
907 547 1064 578 domibus
1088 546 1212 579 Israel.
1447 546 1449 549 ⁴

193 648 318 686 2004.
355 634 463 676 Vox
496 635 740 677 clamantis
771 636 818 676 in
851 637 1044 678 deserto.
1396 683 1400 688 ,

835 717 943 750 (Ιεαία,
961 707 1034 750 cap.>
1048 716 1116 749 XL,
1137 726 1164 744 v.
1182 717 1208 743 3.
1227 731 1246 737 -
1262 716 1388 752 Evang-
1407 716 1443 743 da·

868 759 899 785 S.
919 758 1090 791 Giovanm',
1111 766 1179 792 cap.
1198 757 1224 790 1,
1241 767 1272 786 v.
1290 757 1346 788 23).

193 853 318 889 2005.
352 839 402 879 Si
430 846 610 881 mutare
631 845 782 892 potest
805 839 1024 893 AEthiops
1043 840 1210 892 pellem
1230 852 1374 888 suam,
1397 845 1477 884 aut
1499 856 1501 858 ’

413 909 584 963 pardus
617 909 864 950 varietates
899 923 1028 950 suas:
1062 914 1120 950 etv
1146 921 1230 950 vos
1269 907 1478 963 poteritis

414 981 683 1023 benefacere
717 995 819 1022 cum
854 980 1107 1022 didiceritis
1137 980 1324 1022 malum.

960 1063 1124 1097 (Geremia,
1144 1068 1211 1096 cap.
1231 1061 1318 1094 XIII,
1337 1071 1366 1088 v.
1386 1061 1468 1100 23)..-

190 1146 259 1177 cosi
285 1145 358 1177 dice
383 1145 483 1177 Iddio
509 1155 567 1187 per
593 1145 698 1177 bocca
723 1144 777 1176 del
797 1145 929 1186 profeta
953 1144 1019 1185 agli
1043 1143 1159 1175 Ebrei.
1187 1144 1239 1175 La
1262 1142 1478 1175 similitudine

190 1209 372 1237 contenuta
397 1204 485 1236 nella
509 1206 618 1247 prima
636 1209 731 1247 parte
757 1204 808 1235 del
836 1208 981 1235 versetto
1007 1213 1062 1235 era
1086 1199 1168 1235 nota
1193 1202 1298 1238 anche
1315 1202 1346 1234 ai
1363 1202 1475 1234 Greci.

193 1285 320 1323 2006.
356 1282 461 1323 Non
488 1282 740 1336 reliquetur
763 1281 839 1322 hic
865 1282 984 1334 lapis
1009 1293 1147 1334 super
1173 1279 1372 1334 lapidem
1398 1279 1477 1334 qui

415 1367 507 1395 non
540 1355 813 1395 destruatur.

720 1436 855 1471 (Evang.
876 1434 911 1461 di
929 1435 959 1461 S.
981 1435 1107 1467 Matteo,
1132 1442 1200 1468 cap.
1220 1433 1338 1466 XXIV,
1356 1441 1386 1459 v.
1405 1433 1442 1466 2).

191 1518 235 1549 da
254 1519 306 1550 cui
323 1527 423 1549 nasce
439 1517 473 1548 la
490 1518 577 1548 frase
594 1526 737 1548 comune
763 1527 830 1547 non
858 1519 971 1547 restar
979 1516 1099 1556 pic-tra
1115 1518 1217 1556 sopra
1235 1515 1367 1555 pietro.
1386 1513 1477 1555 Que-

191 1583 241 1609 ste
265 1577 380 1619 parole
406 1586 490 1608 sono
524 1577 582 1618 qui
608 1575 789 1618 precedute
815 1575 903 1606 dalle
937 1574 1042 1606 altre:
1074 1575 1187 1606 Amen
1213 1575 1287 1606 dico
1310 1573 1403 1604 vobis
1430 1573 1477 1613 (in

192 1637 294 1668 veth
320 1638 351 1668 vi
384 1636 471 1675 dico)
498 1635 558 1668 che
591 1637 762 1667 ricorrono
794 1635 1176 1677 frequentissimamente
1205 1632 1288 1665 nell’
1302 1632 1478 1675 Evangelo

190 1697 231 1727 di
252 1697 400 1731 Matteo:
434 1707 489 1727 ma
521 1695 626 1727 anche
659 1695 870 1737 l’Evangelo
902 1695 943 1725 di
971 1695 1155 1728 Gsovanni,
1185 1702 1262 1735 cap.
1294 1692 1324 1730 Ι,
1355 1702 1387 1723 ν.
1410 1698 1474 1732 51:

192 1757 313 1790 Amen,
344 1766 444 1787 amen
469 1757 543 1786 dica
568 1756 669 1789 vobis,
701 1765 719 1785 e
744 1754 814 1786 cosi
838 1755 871 1785 in
898 1755 956 1796 pisi
981 1754 1055 1786 altri
1080 1752 1208 1794 luoghi.

195 1846 320 1885 2007.
356 1834 501 1887 Legio
534 1833 646 1874 mihi
682 1846 851 1874 nomen
884 1837 966 1881 est,
995 1832 1108 1886 ‘quia
1141 1831 1273 1872 multi
1306 1844 1476 1872 sumus.

755 1903 757 1907 ‚
807 1913 943 1949 (Evaug.
963 1913 1000 1940 di
1016 1914 1047 1939 S.
1068 1913 1187 1945 Marco,
1207 1919 1275 1946 cap.
1295 1911 1337 1945 V,
1355 1922 1384 1938 v.
1403 1912 1440 1945 9).

193 1997 260 2027 cosi
287 1996 444 2038 risponde
470 2008 489 2027 a
515 1996 638 2034 Cristo,
668 1995 727 2027 che
762 1996 794 2027 lo
819 1997 986 2035 interroga
1010 2004 1105 2026 come
1131 1995 1157 2026 si
1184 1993 1316 2033 chiami‚
1343 1992 1378 2026 lo
1411 1994 1476 2036 spi-

192 2056 255 2086 rito
280 2055 427 2095 maligno
447 2055 500 2086 ch'
514 2056 587 2111 egli!
600 2055 643 2087 ha
668 2056 816 2086 cacciato
834 2053 890 2086 dal
915 2064 1018 2096 corpo
1043 2054 1076 2086 di
1094 2064 1141 2089 un
1158 2063 1291 2086 ossesso
1306 2052 1361 2085 nel
1378 2062 1478 2095 paese

192 2115 246 2148 (ιε’
258 2115 430 2147 Geraseni.
447 2115 535 2147 Vedi
555 2115 660 2147 anche
677 2114 898 2156 nell’Evang.
915 2115 956 2145 di
970 2114 1008 2145 S.
1029 2114 1133 2150 Luca,
1155 2113 1352 2156 caprIII,
1367 2123 1400 2144 v.
1416 2119 1476 2154 30.

195 2249 299 2282 2004.
330 2242 378 2272 La
406 2252 485 2272 voce
512 2242 543 2272 di
571 2252 638 2273 uno
665 2241 725 2273 che
751 2241 882 2273 chiama
906 2241 959 2272 nel
986 2241 1130 2272 deserto.

195 2302 299 2335 2005.
331 2295 372 2326 Se
385 2296 454 2337 pud)
469 2295 608 2337 l’etiope
618 2301 729 2326 mutar
742 2294 774 2326 la
787 2305 847 2326 sua
859 2294 946 2338 pelle
959 2305 980 2326 0
994 2293 1014 2325 il
1029 2293 1135 2336 pardo
1147 2293 1180 2325 la
1191 2294 1313 2326 variet&
1323 2292 1410 2325 dene
1418 2301 1478 2324 sue

376 2348 536 2385 macchie,
553 2354 684 2390 potrete
696 2349 750 2380 voi
764 2358 847 2390 pure
864 2349 914 2379 far
933 2347 1018 2380 bene
1031 2346 1173 2379 essendo
1186 2347 1318 2379 avvezzi
1330 2346 1363 2378 al
1373 2344 1474 2378 male.

195 2401 301 2434 2006.
330 2402 410 2433 Non
437 2403 559 2433 resten'i
585 2403 642 2443 qui
670 2403 775 2443 pietra
799 2411 900 2444 sopra
925 2403 1031 2443 pietra
1047 2410 1147 2432 senza
1165 2410 1273 2432 essere
1289 2397 1474 2432 sconvoltn.
1534 2415 1535 2418 κ

196 2461 301 2494 2007.
330 2455 359 2486 Il
386 2456 453 2486 mio
480 2466 578 2486 nome
604 2456 622 2486 ὲ
648 2456 808 2494 Legione,
836 2454 958 2496 perche
983 2456 1089 2486 siamo
1113 2455 1146 2486 in
1171 2454 1279 2485 molti.
