1578 2638
1238 97 1307 143 475*

587 301 621 362 ξ
659 301 744 348 63.

364 403 530 468 Regole
559 403 759 468 pratiehe
789 404 963 454 diverso

71 592 113 623 In
137 592 254 623 ordine
278 591 491 632 cronologico
507 601 698 634 raggrnppo
723 591 831 633 poche
850 598 1006 623 sentenze
1021 601 1082 634 per
1097 591 1131 622 la
1147 591 1309 624 condutta

23 652 150 694 pmtioe
173 651 262 683 della
292 652 372 689 vita,
399 651 430 682 le
454 651 546 693 quali
569 661 638 682 non
664 650 776 682 hanno
802 656 933 682 trovato
961 651 1181 683 conveniente
1204 651 1308 682 collo—

23 712 159 743 catione
180 710 269 742 nelle
285 711 367 742 altre
393 710 503 742 classi.
524 711 556 742 E
573 711 738 742 comincio
757 711 846 742 dalle
871 711 971 742 Sacre
996 710 1110 748 Cane,
1137 710 1225 742 dove
1240 716 1309 742 tro·

25 771 134 802 viamo
158 769 245 802 delle
270 779 346 802 vere
370 769 461 812 perle
484 769 688 802 filosofiche:

31 868 43 894 1
54 866 152 906 403.
165 853 330 908 Neque
343 852 536 894 mittatis
547 853 821 907 margaritas
830 859 1006 893 vestras
1013 859 1122 894 ante
1130 865 1307 907 porcos.

595 934 732 969 (Et-ang.
751 933 787 960 du·
804 934 836 960 S.
854 934 983 965 Manen,
1001 941 1072 967 cap.
1085 932 1166 971 μνη,
1184 942 1214 960 v.
1232 933 1271 968 ⁶).

30 1034 152 1072 1404.
186 1019 346 1061 Estote
377 1022 506 1076 (ergo)
539 1021 790 1074 prudentes
827 1019 945 1061 sicut
982 1025 1230 1074 serpentes,
1262 1026 1309 1061 et

243 1091 474 1144 simplices
505 1090 623 1132 sicut
655 1091 897 1132 columbae.

614 1173 751 1207 (Ξῖ-ωας,
770 1173 806 1199 dt
823 1173 854 1198 S.
874 1173 1001 1205 Aluum,
1021 1181 1090 1206 cap.
1110 1173 1148 1203 X,
1167 1181 1198 1199 v.
1219 1173 1272 1207 16).

69 1258 135 1290 Dai
158 1258 285 1290 classici
311 1258 404 1290 latini
423 1264 582 1290 trarremo
599 1269 644 1289 un
664 1259 757 1290 savio
775 1264 883 1290 motto
904 1258 966 1290 che
983 1264 1109 1290 mostra
1126 1269 1223 1291 come
1239 1269 1306 1291 non

22 1318 108 1350 basii
132 1318 156 1350 il
181 1319 299 1350 merito
324 1324 566 1359 scompagnato
590 1317 680 1349 dalla
697 1318 842 1359 benigna
859 1319 994 1350 fortuna
1017 1318 1060 1350 ad
1077 1319 1260 1350 assicurare
1284 1319 1307 1350 ii

22 1387 177 1410 successo
202 1387 222 1408 a
246 1376 469 1409 chicchessia:

29 1472 151 1512 1405.
183 1459 370 1501 Virtute
400 1460 531 1508 duce,
564 1461 732 1501 comite
765 1460 962 1502 fortuna.

507 1541 700 1574 (Ciczxoxt,
718 1542 819 1576 Epist.
839 1541 882 1568 ad
893 1541 1012 1578 famil,
1031 1542 1086 1568 lib.
1106 1542 1144 1575 X,
1164 1551 1212 1576 ep.
1231 1543 1269 1571 31.

22 1590 41 1612 e
66 1579 98 1611 la
122 1586 278 1611 sentenza

27 1665 150 1714 1406.
185 1662 476 1716 Principibus
506 1663 731 1716 placuisse
756 1664 867 1704 viris
891 1677 984 1705 non
1013 1664 1176 1705 ultima
1206 1665 1308 1706 laus

1205 1737 1305 1791 [oet.

510 1817 658 1849 (OnAzm,
679 1817 838 1851 Epistola,
858 1817 912 1843 lib.
933 1817 955 1847 1,
975 1825 1024 1851 ep.
1045 1817 1149 1849 xvn,
1168 1825 1196 1844 v.
1215 1793 1271 1852 as).

22 1899 84 1932 che
117 1900 230 1932 taluno
265 1901 465 1933 malamente
498 1903 678 1944 interpreta
710 1903 905 1934 cercandovi
939 1904 1034 1945 quasi
1069 1913 1136 1935 una
1167 1903 1306 1944 giustifi-

22 1960 156 1992 oezione
188 1959 253 1991 alla
286 1962 515 2001 cortigianeria
539 1980 563 1984 -
587 1973 605 1992 e
636 1963 704 1993 cosi
735 1962 768 1993 la
796 1961 974 1993 intendeva
1007 1962 1028 1994 il
1061 1963 1186 2003 grande
1219 1965 1307 2006 tipo·

0 2019 117 2059 .gra10
149 2019 194 2051 G.
222 2020 263 2051 B.
292 2019 437 2057 Bodoni,
470 2031 489 2051 a
522 2022 696 2063 proposito
725 2021 779 2052 del
809 2021 908 2063 quale
938 2022 971 2052 io
1000 2023 1147 2054 scriveva
1177 2024 1209 2054 in
1238 2033 1306 2055 una

0 2064 6 2103 ἶ»
23 2078 90 2110 mia
111 2078 382 2120 pubblicazione:
406 2091 425 2110 «
518 2081 597 2112 Non
620 2081 650 2110 v'
663 2091 718 2112 era
737 2081 912 2112 occasione
934 2099 954 2104 -
971 2082 1066 2113 visite
1090 2082 1123 2113 di
1150 2083 1303 2125 principi,

0 2131 160 2179 {nascite,
193 2148 306 2176 nozze,
345 2138 482 2170 funerali
511 2157 534 2163 -
563 2140 595 2170 in
630 2141 681 2171 cui
717 2140 780 2179 egli
815 2150 882 2172 non
916 2141 1147 2173 manifestasse
1181 2141 1212 2173 la
1245 2152 1306 2173 sua

0 2269 130 2318 f'1403.
157 2278 237 2309 Non
264 2285 388 2318 gettate
414 2279 444 2310 le
470 2285 580 2311 vostre
605 2279 695 2321 perle
720 2281 851 2311 innanzi
879 2282 908 2312 ai
934 2283 1040 2323 porci.

14 2327 129 2372 1404.
158 2332 247 2363 Siate
264 2333 418 2374 prudenti
437 2342 532 2364 come
557 2334 565 2363 i
585 2334 741 2375 serpenti,
762 2343 780 2365 e
797 2334 946 2376 sempiici
963 2345 1058 2366 come
1080 2335 1110 2366 le
1134 2334 1302 2366 colombe.

11 2386 131 2426 {¹¹⁴⁰S·
158 2385 230 2416 Con
259 2385 290 2416 la
315 2387 399 2417 virtii
426 2396 483 2427 per
509 2386 623 2426 guida,
652 2386 683 2418 la
710 2387 843 2418 fortuna
867 2397 926 2429 per
951 2398 1151 2430 compagna.

26 2436 130 2479 11406.
157 2438 237 2470 Non
263 2439 282 2470 ὲ
307 2439 436 2481 piccola
453 2439 529 2471 iode
555 2450 632 2471 aver
657 2441 804 2482 piaciuto
821 2441 884 2481 agli
903 2443 1027 2472 uomini
1054 2442 1113 2484 piu
1131 2443 1302 2473 eminenti.

1511 80 1518 87 t
1513 20 1517 21 ,

1567 329 1578 341 ⁴
1571 294 1578 308 ..=
1568 266 1578 282 na
1554 0 1578 255 iidLLass-..o'iAG-*n
