1578 2638
219 92 285 126 882
310 105 315 109 ·

213 231 338 265 Sancte
361 233 478 273 Pater,
503 232 554 266 sic
577 234 701 267 transit
723 234 833 276 glom
856 234 989 270 mundi.
1016 235 1100 278 869.

214 279 359 314 Sanctus
384 281 465 314 Yvo
489 285 562 314 erat
585 282 697 316 Brito.
725 281 808 325 825.

213 328 350 370 Sangae
374 329 534 372 persetto,
559 329 622 362 che
647 329 715 363 mai
737 340 810 364 non
835 331 864 363 si
889 331 989 364 beve.
1019 338 1125 375 1515.

213 376 319 409 santa
343 377 507 419 canag1ia.
535 378 618 420 643.

213 423 319 465 Sante
343 425 520 459 memorie.
549 434 631 468 259.
869 439 874 443 ’

212 472 320 505 Santo
344 473 485 506 Stesano
506 473 512 519 Ι
534 474 618 506 Tira
640 474 674 507 al
696 475 886 517 quattrino.
914 475 997 517 362.

212 521 320 561 Saper
344 521 508 562 mamete,
533 521 539 565 Ι
561 521 669 562 Bella,
696 522 723 555 il
746 522 816 555 mio
840 533 956 556 nome.
984 523 1091 556 2106.

212 568 355 611 Sapiens
380 569 502 602 mulier
526 569 675 603 aedificat
699 570 841 603 domum
866 581 976 605 suam.
1005 571 1086 614 368.

211 615 323 659 Sapor
346 616 382 649 di
407 617 494 650 forte
518 628 670 660 agrume.
699 618 806 660 2036.

211 661 339 705 S'apre
362 664 396 697 la
420 666 538 698 tomba
562 666 674 705 gelida
695 666 700 711 Ι
723 666 824 699 Sotto
849 667 883 700 lo
908 671 1026 700 stanco
1050 667 1163 709 piede.
1191 668 1272 709 588.

211 711 308 744 Sardi
330 714 501 756 intrepidi.
533 713 636 756 1823.

211 760 311 792 Sardi
334 761 472 793 venales
497 762 597 804 (alius
622 762 691 795 alio
714 763 885 806 nequior).
915 770 1018 802 1007.
1558 793 1563 797 .

210 807 362 841 Sarebbe
379 810 513 851 peusier
531 820 603 842 non
619 814 746 854 troppo
763 815 912 852 accorto,
935 812 942 853 Ι
964 811 1091 843 Perdet
1110 811 1178 843 due
1195 810 1270 842 vivi
1286 820 1348 853 per
1365 811 1497 845 salvare

257 866 305 888 1111
330 861 456 890 morto.
483 857 567 899 889.

210 903 351 937 Saremo
375 904 506 945 inabssi,
535 916 590 937 ma
614 906 723 939 siamo
747 906 872 939 onesti.
900 907 983 950 675.

210 951 295 985 Saro
319 952 400 994 qual
424 952 486 993 sui,
514 953 613 986 vivro
637 951 775 987 com’io
799 964 863 987 son
889 954 996 987 visso.
1025 962 1107 996 329.

209 999 303 1032 Sassi
326 1001 364 1032 in
387 1003 499 1033 Atene
522 1012 541 1034 e
565 1002 602 1033 in
627 1006 716 1034 tutta
739 1003 857 1035 Roma
881 1002 980 1035 sassi.
1008 1010 1115 1035 2201.

180 1057 182 1060 ·
209 1047 316 1087 sassi,
344 1049 386 1087 si,
414 1049 499 1081 sassi
524 1059 628 1082 211001-
653 1060 713 1091 per
738 1054 826 1082 tutta
850 1052 976 1083 Atene.
1007 1057 1112 1083 2200.

210 1096 335 1128 Satana
355 1095 361 1140 Ι
383 1106 452 1129 11011
478 1103 575 1130 torna
599 1098 755 1131 indietro.
787 1104 889 1139 1297.

208 1144 299 1176 Satis
323 1144 400 1183 hoc,
430 1150 550 1178 caetera
575 1151 703 1178 norunt
727 1156 860 1178 omnes.
889 1155 971 1180 201,

208 1192 299 1225 Satis
323 1191 521 1234 loquendae,
551 1193 727 1236 sapientiae
754 1204 886 1236 pamm.
919 1195 1021 1235 1648.

207 1240 368 1272 Satumia
392 1240 508 1274 tellus.
534 1249 617 1284 941.

207 1287 324 1328 Saule,
351 1287 467 1329 Saule,
495 1290 555 1331 qui
580 1299 635 1321 me
657 1290 897 1332 persequeris?
926 1296 1032 1330 2071.

207 1335 451 1378 Scastagnamo
476 1347 514 1369 ar
538 1337 646 1379 parlin,
673 1348 729 1369 ma
753 1339 869 1370 aramo
894 1338 1148 1377 dritto.1807.

207 1383 384 1416 Scheletro
409 1384 445 1416 di
470 1384 564 1425 cista,
591 1386 733 1427 Rovigo
758 1386 895 1419 infame.
923 1386 1006 1425 980.
1480 1394 1483 1396 “
1537 1398 1550 1413 -’

206 1431 356 1464 Scherzo
381 1442 399 1464 e
426 1433 526 1472 bevo,
547 1443 566 1465 e
583 1433 702 1465 derido
727 1430 774 1474 gl'
785 1433 897 1466 insani
918 1433 924 1476 Ι
947 1433 1020 1466 Che
1044 1433 1073 1465 si
1098 1433 1167 1465 dan
1189 1432 1246 1465 del
1269 1433 1385 1466 futuro
1407 1441 1488 1475 pen·
1533 1431 1535 1433 “

254 1479 335 1512 sier.
362 1480 422 1522 46.
1539 1487 1542 1493 ¹

206 1527 344 1560 Schiavi
369 1538 408 1559 or
433 1528 530 1568 siam,
560 1529 606 1566 si·
636 1539 690 1561 ma
717 1528 846 1561 schiavi
872 1528 983 1562 almen
1008 1528 1176 1561 frementi.
1207 1528 1287 1569 796.

206 1574 332 1608 Schiva
356 1572 380 1607 l’
393 1575 508 1608 Oliva.
537 1576 643 1617 2176.

206 1623 348 1655 Scienza
372 1624 391 1654 ὲ
416 1623 549 1656 liberta.
584 1625 686 1666 1526.

206 1671 454 1714 Scompagnata
471 1673 642 1704 tortorella
664 1671 668 1716 Ι
691 1672 762 1705 Che
781 1673 835 1705 del
852 1674 923 1705 fato
940 1673 1119 1715 dispietato
1141 1671 1147 1716 Ι
1168 1672 1211 1704 Ti
1234 1671 1384 1703 lamenti.
1402 1677 1484 1713 307.

205 1719 319 1751 Scorri
343 1719 367 1750 il
393 1719 470 1761 lago
494 1730 513 1752 e
538 1720 570 1751 la
594 1720 737 1762 pendice
758 1719 764 1763 Ι
786 1720 890 1763 Empi
914 1717 939 1752 l'
951 1720 1021 1752 aria
1046 1717 1101 1751 de’
1121 1719 1195 1752 tuoi
1218 1718 1319 1760 gridi.
1349 1716 1429 1759 306.

205 1766 434 1799 Scoscendere
458 1766 483 1798 il
507 1767 604 1799 lollio
628 1767 717 1800 dalla
743 1768 849 1810 spica.
878 1776 983 1801 2210.

206 1815 309 1857 Scrap
334 1815 372 1846 of
395 1825 512 1858 paper.
545 1815 647 1856 1892.

205 1862 359 1894 Scrittori
385 1863 420 1894 di
446 1873 542 1904 peso.
572 1870 677 1903 2043.

205 1910 339 1951 Sdegno
365 1910 389 1942 il
413 1921 509 1943 verso
535 1910 596 1942 che
622 1921 729 1943 suona
754 1922 771 1942 e
798 1911 858 1943 che
883 1922 950 1943 non
977 1922 1065 1943 crea.
1099 1911 1199 1953 1644.

203 1958 248 1990 Se
272 1968 292 1990 a.
316 1957 451 1990 ciascun
470 1955 494 1990 1’
505 1959 641 1991 interno
659 1958 796 1990 affanno
818 1958 824 2002 Ι
845 1959 882 1991 Si
902 1959 1078 2000 leggesse
1069 1968 1105 1990 111
1121 1959 1232 1991 fronte
1248 1957 1378 1990 scritto.
1398 1954 1481 1998 496.
1524 1959 1527 1967 ”

203 2007 258 2044 50,
288 2015 383 2038 come
408 2006 433 2038 il
458 2006 547 2046 viso,
574 2006 603 2038 si
628 2011 812 2039 mostrasse
836 2006 860 2037 il
885 2016 975 2040 core.
1009 2007 1110 2048 1582.
1522 2017 1529 2026 ³

202 2052 363 2086 Sedendo
387 2057 421 2086 et
445 2053 653 2095 quiescendo
679 2054 791 2086 anima
815 2051 961 2086 efficitur
986 2053 1134 2096 sapiens.
1166 2053 1269 2087 1681.

203 2100 271 2133 Sed
296 2110 387 2133 nunc
411 2111 482 2133 non
507 2105 579 2134 erat
605 2101 657 2133 his
683 2101 791 2134 locus.
823 2109 925 2143 1942.
1517 2121 1523 2124 -

202 2148 271 2180 Sed
296 2149 552 2190 praefulgebant
585 2149 724 2182 Cassius
756 2154 859 2191 atque
882 2150 1022 2188 Brutus,
1054 2159 1094 2181 eo
1120 2149 1207 2190 ipso,
1236 2147 1330 2190 quod
1353 2143 1482 2187 effigie·
1523 2150 1530 2181 ῖζ

249 2206 367 2228 eorum
394 2206 461 2228 non
490 2197 703 2230 visebantur.
732 2205 837 2238 2024.
1510 2211 1511 2214 ’

202 2243 271 2275 Sed
295 2243 372 2285 quis
392 2244 563 2277 custodiet
588 2245 682 2287 ipsos
708 2245 892 2277 custodes?
923 2251 1025 2286 1347.

201 2287 262 2324 8’ὲ
286 2290 369 2323 satta
393 2289 418 2323 1’
432 2291 546 2331 Italia,
573 2303 629 2324 ma
652 2302 724 2324 11011
749 2292 778 2324 si
802 2292 906 2324 fanno
932 2289 1140 2333 gl’Italiani.
1168 2290 1251 2330 667.
1535 2320 1537 2322 .

200 2338 382 2380 Seggendo
398 2339 434 2370 iu
453 2339 570 2381 pinu-a
591 2338 596 2383 Ι
620 2340 661 2371 In
687 2340 775 2371 sama
798 2349 870 2371 non
895 2339 923 2371 si
949 2339 1042 2378 vien.
1059 2339 1103 2371 ne
1127 2342 1220 2370 totto
1235 2337 1353 2370 coltre.
1378 2333 1477 2373 ¹087·
1521 2338 1546 2362 ’-

201 2386 326 2427 Seggio
349 2387 369 2418 e
393 2386 429 2418 di
453 2396 581 2428 sangae
605 2397 624 2419 e
649 2384 684 2419 d‘
701 2387 891 2429 empietade
915 2386 939 2418 il
964 2390 1076 2419 trono.
1109 2387 1212 2427 1362.

201 2433 315 2475 Segno
339 2431 375 2465 d'
388 2433 555 2467 immensa
578 2434 710 2470 invidia
730 2433 736 2476 Ι
759 2435 789 2465 Ε
815 2434 850 2466 di
875 2434 966 2476 piet&
991 2433 1170 2476 profonda.
1199 2438 1280 2473 223.
