1578 2638
197 99 261 131 722
683 91 753 124 Clu·
773 93 856 130 l'ha
870 91 1000 125 detto?

181 229 317 272 firma,
339 229 482 262 fondato
507 229 656 261 dall’on.
677 223 795 272 Crispi*
817 240 836 261 a
853 229 992 262 Firenze
1017 230 1072 263 nel
1101 228 1209 271 1867:
1231 237 1307 265 esto
1321 225 1519 273 riemann

193 288 259 321 3113
284 290 447 321 memoria
471 288 584 321 l’altro
887 287 889 289 ’

199 382 337 432 1996.'
358 380 619 422 Instaurare
651 381 807 423 omnia
837 381 886 423 in
918 368 1114 424 Christo.

192 494 253 526 che
278 495 315 525 fu
332 495 356 526 il
380 504 594 537 programma
619 495 674 526 del
698 495 896 537 pontificato
915 496 949 527 di
967 496 1036 528 PIO
1056 497 1095 528 X
1116 496 1316 537 (GIUSEPPE
1340 497 1482 539 Sauro)

191 564 288 585 come
305 553 369 594 egli
386 558 494 586 stesso
511 554 600 586 disse
616 554 705 588 nella
722 555 866 597 epistola
881 556 1040 588 enciclica
1055 556 1092 588 E
1103 557 1266 598 supremi
1276 553 1485 599 apostolatus

191 614 366 649 cathedra,
396 613 452 646 del
477 624 498 656 4
524 614 658 646 ottobre
680 622 782 656 1903,
801 615 835 647 13
859 616 967 658 prima
992 616 1046 648 ch’
1056 615 1121 658 egli
1145 615 1270 648 diresse
1294 615 1484 659 all’episco-

192 679 273 716 pato
298 674 468 706 mondiale
493 674 586 717 dopo
611 674 645 706 la
670 685 731 707 sua
755 677 955 708 assunzione
983 675 1260 715 aerontificato.
1287 675 1396 718 Quivi·
1419 676 1486 718 egli

192 733 282 765 dice:
314 744 333 764 «
352 735 386 765 in
410 734 558 775 gerendo
583 734 782 777 pontificatu
807 734 872 767 hoc
903 745 1007 767 unum
1041 735 1250 768 declaramus
1273 736 1483 779 propositum

191 804 264 826 esse
293 793 405 826 Nobis
431 796 632 826 instaurare
663 796 780 826 omnia
805 797 843 826 in
875 795 1021 831 Christo,
1052 802 1090 828 ut
1122 795 1278 828 videlieet
1302 796 1346 828 sit
1367 797 1484 827 omnia

191 859 224 885 et
247 855 286 885 in
311 855 469 886 omnibus
493 855 653 887 Christus
674 847 712 892 »';
742 865 761 887 e
786 865 873 897 poco
898 856 957 898 piu
983 860 1092 888 sotto:
1123 855 1259 889 «Unde
1275 857 1303 888 si
1319 856 1377 898 qui
1394 865 1484 898 sym-

191 914 309 946 bolum
335 925 356 946 a
379 914 493 947 Nobis
518 915 690 957 expetant,
719 915 813 957 quod
839 915 1047 948 voluntatem
1073 916 1174 948 animi
1198 916 1392 959 patefaciat,
1418 915 1484 948 hoc

192 984 297 1006 unum
333 974 490 1007 dabimus
524 985 679 1017 semper:
707 975 915 1007 Instaurare
948 978 1065 1008 omnia
1089 977 1127 1008 z'n
1153 975 1319 1009 Christo!
1334 986 1355 1008 »
1385 975 1484 1016 (Acta
1515 971 1519 975 ’

193 1035 328 1066 Sanctce
345 1035 455 1070 Sedis,
479 1034 547 1067 vol.
567 1035 758 1073 XXXVI,
783 1043 925 1077 1903-4‚
945 1045 1025 1078 pag.
1050 1036 1146 1078 131).
1165 1036 1215 1068 Le
1238 1035 1366 1078 parole,
1387 1045 1484 1068 come

191 1095 379 1127 l’enciclica
409 1100 516 1128 stessa
549 1101 683 1127 avverte
707 1096 742 1127 in
766 1100 861 1133 nota,
889 1105 974 1128 sono
1009 1095 1092 1128 tolte
1117 1095 1173 1128 dal
1205 1096 1333 1128 Nuovo
1364 1095 1485 1128 Testa·

191 1161 307 1188 mento
343 1155 471 1198 (Epist.
499 1156 545 1187 B.
573 1156 683 1187 Pauli
703 1157 753 1187 ad
774 1155 950 1197 Ephesios,
980 1155 1011 1195 Ι,
1044 1157 1115 1197 10).
1144 1156 1291 1188 Persone
1319 1155 1484 1188 addentro

191 1215 280 1248 nelle
300 1226 378 1248 cose
402 1216 569 1248 Vaticane
595 1216 786 1248 assicurano
812 1215 873 1247 che
898 1215 931 1247 13
955 1215 1102 1247 formula
1126 1216 1164 1248 fu
1182 1216 1351 1257 suggerita
1375 1215 1407 1247 al
1425 1215 1483 1247 de·

191 1276 289 1307 sunto
314 1274 487 1307 Pontefice
505 1275 561 1307 dal
586 1275 679 1307 card.
704 1275 892 1307 GmSEPPE
917 1275 1161 1307 CALASAnzzo
1185 1275 1306 1308 Vnms
1332 1282 1357 1307 Y
1375 1275 1502 1307 Turo‘

195 1335 254 1376 (m.
275 1345 350 1367 esso
366 1345 450 1378 pure
475 1335 497 1367 il
525 1341 543 1374 7
563 1335 744 1367 settembre
773 1337 891 1377 1913),
910 1345 970 1377 per
986 1335 1010 1367 il
1029 1335 1129 1378 quale
1148 1336 1211 1367 Pio
1227 1336 1267 1367 X
1285 1335 1373 1368 ebbe
1397 1345 1483 1367 sem-

191 1405 250 1437 pre
276 1396 351 1427 viva
375 1395 599 1438 predilezione
624 1405 642 1427 e
668 1395 857 1427 deferenza.

238 1455 270 1486 E
295 1454 454 1487 chiuderb
479 1454 502 1486 il
535 1454 682 1496 capitolo
716 1464 778 1486 con
815 1464 883 1486 una
908 1455 1069 1486 citazione
1095 1453 1156 1486 che
1185 1453 1267 1486 cade
1293 1459 1483 1486 veramente

191 1526 211 1546 a
234 1516 424 1557 proposito.
745 1511 749 1515 ’
1118 1507 1123 1511 ’

199 1617 322 1656 1997.
353 1604 453 1657 J’en
484 1617 617 1657 passe
649 1610 694 1644 et
725 1603 806 1645 des
838 1603 1080 1645 meilleurs.

782 1684 923 1719 (Vm-ron
939 1679 1055 1717 Huc-0,
1073 1685 1207 1718 Ernani,
1224 1691 1252 1711 a.
1270 1683 1327 1716 111,
1345 1691 1389 1710 sc.
1408 1683 1446 1719 ὁ).

199 1840 301 1881 1996.
330 1841 538 1872 Restaurare
563 1841 642 1881 ogni
667 1851 747 1873 cosa
770 1842 805 1872 in
831 1840 954 1871 Cristo.

197 1901 300 1934 1997.
328 1894 384 1926 Ne
409 1894 512 1926 lascio
538 1905 556 1925 e
582 1894 634 1926 dei
660 1894 815 1934 migliori.
