1578 2638
220 65 288 98 828
655 48 659 51 ⁵
689 66 808 97 Indice
832 66 922 98 delle
935 46 1046 109 frasi?
1083 47 1086 53 Ι

219 204 302 237 Cosi
326 204 383 236 san
408 207 508 236 tutte.
537 210 620 244 379.

218 251 304 285 Cosi
326 248 467 284 nell'un
492 262 588 283 come
612 248 694 284 nell’
703 250 791 284 altro
815 261 931 294 passo.
963 259 1066 294 1342.

219 300 300 332 Cosi
324 310 493 342 percossa,
522 300 666 331 attonita
686 298 692 344 Ι
714 300 766 332 La
789 304 877 332 terra
901 300 934 332 al
957 301 1082 332 nun'zio
1107 305 1171 333 sta.
1199 296 1283 342 906.

219 348 302 381 Cosi
326 358 370 380 va
393 348 418 379 il
443 347 584 386 mondo,
613 347 731 380 himba
755 347 835 381 mia.
863 355 970 390 2053.

218 396 302 428 Cras
327 399 418 428 amet
436 395 496 437 qui
514 405 690 437 nunquam
708 395 847 428 amavit.
877 395 935 437 84.

219 444 304 476 Cras
329 443 444 482 credo,
471 443 575 475 hodie
599 442 699 476 nihil.
730 449 834 485 1407.
1014 483 1016 485 ‚

218 491 396 527 Crastinus
421 491 513 523 enim
538 491 611 523 dies
636 491 802 523 sollicitus
827 491 891 523 erit
916 491 983 523 sibi
1007 491 1086 534 ipsi.
1115 492 1196 534 853.

218 539 344 572 Credat
369 539 514 582 Judaeus
539 538 662 581 Apella
682 538 688 581 Ι
713 539 794 571 Non
819 549 896 580 ego.
926 547 1006 581 511.

218 587 328 620 Crede
352 591 459 619 ratem
483 587 607 626 ventis,
637 587 785 619 animam
811 597 854 619 ne
878 587 978 619 crede
1003 587 1139 630 puellis.
1167 594 1252 630 377.

219 635 332 668 Credo
357 635 438 677 quia
462 635 663 667 absurdum.
696 642 799 677 1445.

219 683 418 716 Cremonesi
443 682 748 724 mangia-sagiuoli.
776 682 860 723 967.

221 731 351 764 Crescit
374 731 502 764 eunde.
536 739 638 772 1931.

220 779 370 812 Crimine
395 780 439 811 ab
463 789 534 811 nno
557 780 562 821 Ι
584 779 687 811 Disce
713 789 845 811 omnes.
874 787 956 811 221.

220 828 326 860 Croce
352 838 370 859 e
396 827 514 859 delizia
538 827 570 858 al
596 837 665 859 cor.
697 833 777 866 117.

220 875 402 916 Crucifige,
430 874 590 915 crucifige
615 885 706 908 eum.
735 874 841 915 2069.

221 924 314 967 Crux
339 923 382 955 de
406 933 518 955 cruce.
551 929 653 964 1250.

219 971 284 1004 Cui
318 981 500 1003 concessus
531 975 584 1002 est
616 970 709 1010 finis,
743 980 903 1002 concessa
937 970 1039 1002 etiam
1071 974 1152 1002 sunt
1182 969 1294 1002 media
1325 969 1368 1001 ad
1404 968 1507 1001 finem

269 1019 438 1051 ordinata.
472 1027 575 1060 1413.

221 1067 286 1099 Cui
309 1067 422 1099 licitus
447 1071 499 1099 est
526 1066 618 1106 finis,
637 1066 739 1098 etiarn
764 1065 868 1098 licent
893 1065 1017 1098 media.
1051 1074 1153 1108 1413.

221 1115 285 1147 Cui
310 1114 422 1147 licitus
448 1118 500 1146 est
526 1114 615 1154 finis,
646 1114 696 1146 illi
720 1114 798 1146 licet
823 1113 924 1146 etiam
950 1113 1101 1146 medium
1127 1124 1168 1146 ex
1195 1117 1316 1145 natura
1342 1122 1404 1145 sua
1420 1112 1509 1145 ordi·

268 1167 388 1195 natum
413 1163 457 1194 ad
482 1162 584 1194 talem
611 1162 727 1194 finem.
762 1170 862 1204 1413.

221 1211 286 1243 Cui
310 1211 451 1252 prodest
475 1210 599 1249 scelus,
624 1209 628 1253 Ι
652 1211 687 1242 Is
713 1210 804 1242 fecit.
832 1218 914 1241 222.

219 1259 383 1301 Cujusvis
407 1258 557 1290 hominis
583 1263 635 1290 est
660 1268 786 1296 errare3
825 1257 966 1294 nullius,
994 1257 1060 1289 nisi
1093 1256 1297 1299 insipientis,
1326 1256 1361 1288 in
1394 1265 1508 1288 errore

267 1316 497 1349 perseverare.
531 1306 634 1347 1069.

220 1355 328 1397 Cujus
355 1354 501 1386 vulturis
525 1354 592 1386 hoc
617 1354 680 1386 erit
705 1354 876 1386 cadaver?
905 1353 1010 1386 2082.
1500 1375 1505 1380 -

220 1403 307 1435 Cum
325 1406 438 1434 autem
457 1402 612 1434 sublatus
630 1402 730 1433 suerit
747 1402 791 1434 ab
804 1401 925 1441 oculis,
941 1402 1043 1433 etiam
1057 1401 1124 1433 cito
1138 1400 1259 1432 transit
1272 1410 1291 1431 e
1303 1403 1429 1432 mente.
1446 1407 1504 1440 42.

222 1451 308 1482 Cum
334 1451 429 1482 latini
456 1451 572 1488 simus,
601 1450 750 1491 linguam
775 1451 968 1491 ignoramus
996 1449 1236 1481 theutonicam.
1265 1454 1348 1488 977.

222 1499 309 1530 Cum
335 1498 473 1530 nomine
499 1498 643 1530 Caesaris
669 1507 783 1530 omen.
816 1506 918 1539 1040.

222 1547 314 1579 Cuor
338 1546 488 1588 leggero.
517 1553 599 1587 455.

221 1594 324 1626 Curia
348 1604 490 1626 romana
514 1603 585 1625 non
611 1593 695 1634 petit
721 1603 821 1625 ovem
849 1593 922 1625 sine
947 1592 1037 1625 lana.
1071 1600 1173 1634 1295.

222 1643 366 1675 Cursum
393 1643 637 1674 consummavi.
670 1649 773 1682 1320.

222 1736 376 1777 Daghela
401 1737 512 1767 avanti
538 1746 584 1767 un
610 1746 723 1779 passe.
753 1735 858 1776 2148.

221 1784 322 1815 Dalla
346 1794 434 1815 cuna
459 1783 525 1815 alla
550 1784 668 1815 tomba
693 1784 711 1814 e
737 1793 783 1814 un
810 1783 914 1814 breve
939 1792 1054 1824 passo.
1085 1782 1165 1823 850.
1563 1818 1566 1821 Δ

220 1831 321 1864 Dalla
347 1836 439 1863 vetta
466 1831 526 1873 piu
554 1842 662 1873 guzza
697 1828 865 1873 dell’Alpi
886 1829 892 1872 Ι
916 1831 990 1862 Con
1029 1829 1062 1861 10
1098 1828 1245 1870 sguardo
1279 1827 1405 1860 rivolto
1441 1825 1507 1858 alla
1541 1824 1563 1870 ς’)

271 1880 384 1912 bassa.
414 1879 520 1919 2196.

222 1927 290 1959 Dal
315 1928 412 1969 pigro
437 1938 455 1958 e
481 1937 584 1968 grave
610 1935 721 1958 sonno
746 1936 812 1957 ove
838 1925 982 1968 sepolta.
1017 1933 1119 1966 1145.

224 1975 289 2007 Dal
315 1976 373 2017 piu
399 1976 567 2017 profondo
594 1985 611 2006 e
638 1973 815 2006 tenebroso
842 1980 968 2005 centro,
1004 1973 1105 2014 1236.

224 2023 289 2055 Dal
316 2033 427 2055 sonno
453 2023 518 2054 alla
543 2026 652 2054 morte
677 2023 695 2053 ὲ
721 2031 767 2053 un
794 2021 914 2063 picciol
940 2031 1055 2053 vareo.
1085 2019 1166 2060 890.

222 2071 288 2102 Dal
314 2074 374 2104 tuo
401 2070 536 2102 stellato
562 2070 684 2111 soglio,
711 2069 716 2113 Ι
738 2069 876 2110 signer,
904 2069 930 2100 ti
955 2069 1049 2110 volgi
1074 2079 1093 2100 a
1117 2067 1191 2100 noi.
1225 2064 1326 2109 1448.

223 2119 278 2150 Da
303 2129 356 2150 me
381 2128 446 2150 son
471 2118 545 2150 fatti
572 2119 581 2149 i
608 2117 686 2149 miei
711 2117 846 2159 pensier
872 2116 1012 2149 diversi.
1046 2124 1147 2158 1501.

224 2167 278 2198 Da
303 2166 381 2198 mihi
409 2166 466 2197 ubi
492 2167 684 2203 consistam,
714 2171 747 2196 et
772 2171 892 2197 terram
918 2165 1075 2196 movebo.
1105 2170 1186 2204 317.

223 2214 372 2252 Dammi,
403 2214 529 2245 dammi
555 2214 633 2255 quel
659 2214 759 2245 serro.
794 2219 895 2252 1970.

224 2262 361 2293 Dammi
387 2271 432 2292 un
465 2266 574 2303 punto
600 2258 818 2302 d’appoggio
844 2270 862 2291 e
888 2261 1027 2291 movero
1046 2259 1078 2290 la
1101 2262 1189 2290 terra
1213 2268 1230 2289 e
1256 2257 1278 2288 il
1304 2255 1401 2288 cielo.
1422 2261 1502 2297 317.

222 2311 318 2342 Dans
335 2309 517 2351 cinquante
533 2319 606 2347 ans,
629 2306 796 2350 l’Europe
816 2318 889 2340 sera
908 2306 1139 2349 republicaine
1156 2316 1201 2338 ou
1218 2314 1377 2346 cosaque.
1403 2310 1502 2344 1033.

223 2358 319 2390 Dans
345 2354 544 2388 l'adversite
571 2357 612 2388 de
638 2366 701 2388 nos
728 2355 898 2388 meilleurs
924 2355 1022 2394 amis,
1045 2364 1132 2386 nous
1159 2358 1326 2386 trouvons
1353 2350 1504 2393 toujours

270 2404 418 2447 quelque
444 2404 546 2436 chose
572 2404 630 2446 qui
657 2415 699 2436 ne
724 2414 811 2435 nous
837 2402 964 2444 deplait
990 2412 1062 2444 pas.
1094 2409 1150 2443 74.
