<?xml version="1.0" encoding="UTF-8"?>
<!DOCTYPE html PUBLIC "-//W3C//DTD XHTML 1.0 Transitional//EN"
    "http://www.w3.org/TR/xhtml1/DTD/xhtml1-transitional.dtd">
<html xmlns="http://www.w3.org/1999/xhtml" xml:lang="en" lang="en">
 <head>
  <title>
</title>
<meta http-equiv="Content-Type" content="text/html;charset=utf-8" />
  <meta name='ocr-system' content='tesseract 3.04.00' />
  <meta name='ocr-capabilities' content='ocr_page ocr_carea ocr_par ocr_line ocrx_word'/>
</head>
<body>
  <div class='ocr_page' id='page_1' title='image "./chilhadettotesor00fumauoft_0896.png"; bbox 0 0 1578 2638; ppageno 0'>
   <div class='ocr_carea' id='block_1_1' title="bbox 171 72 1068 141">
    <p class='ocr_par' dir='ltr' id='par_1_1' title="bbox 171 72 1068 141">
     <span class='ocr_line' id='line_1_1' title="bbox 171 72 1068 141; baseline 0 -12"><span class='ocrx_word' id='word_1_1' title='bbox 171 96 240 140; x_wconf 77' lang='lat'><strong>864</strong></span> <span class='ocrx_word' id='word_1_2' title='bbox 639 97 759 130; x_wconf 81' lang='lat' dir='ltr'><strong>Indice</strong></span> <span class='ocrx_word' id='word_1_3' title='bbox 783 98 872 130; x_wconf 72' lang='lat' dir='ltr'><strong>aene</strong></span> <span class='ocrx_word' id='word_1_4' title='bbox 887 97 992 141; x_wconf 58' lang='lat' dir='ltr'><strong>flasi</strong></span> <span class='ocrx_word' id='word_1_5' title='bbox 1019 72 1023 75; x_wconf 40' lang='lat'><em>¹</em></span> <span class='ocrx_word' id='word_1_6' title='bbox 1061 113 1068 120; x_wconf 88' lang='lat'>-</span> 
     </span>
    </p>
   </div>
   <div class='ocr_carea' id='block_1_2' title="bbox 168 231 1466 2473">
    <p class='ocr_par' dir='ltr' id='par_1_2' title="bbox 168 231 688 277">
     <span class='ocr_line' id='line_1_2' title="bbox 168 231 688 277; baseline 0.004 -11"><span class='ocrx_word' id='word_1_7' title='bbox 168 233 270 266; x_wconf 89' lang='lat' dir='ltr'><strong>Nihil</strong></span> <span class='ocrx_word' id='word_1_8' title='bbox 294 231 435 266; x_wconf 85' lang='lat' dir='ltr'><strong>difficile</strong></span> <span class='ocrx_word' id='word_1_9' title='bbox 459 233 600 266; x_wconf 80' lang='lat' dir='ltr'><strong>amanti.</strong></span> <span class='ocrx_word' id='word_1_10' title='bbox 629 235 688 277; x_wconf 88' lang='grc'><strong>85.</strong></span> 
     </span>
    </p>

    <p class='ocr_par' dir='ltr' id='par_1_3' title="bbox 169 279 1158 325">
     <span class='ocr_line' id='line_1_3' title="bbox 169 279 1158 325; baseline -0.001 -11"><span class='ocrx_word' id='word_1_11' title='bbox 169 281 270 314; x_wconf 90' lang='lat' dir='ltr'><strong>Nihil</strong></span> <span class='ocrx_word' id='word_1_12' title='bbox 295 291 380 322; x_wconf 88' lang='lat' dir='ltr'><strong>esse,</strong></span> <span class='ocrx_word' id='word_1_13' title='bbox 409 281 506 324; x_wconf 87' lang='lat' dir='ltr'><strong>quod</strong></span> <span class='ocrx_word' id='word_1_14' title='bbox 531 281 616 314; x_wconf 82' lang='lat' dir='ltr'><strong>deus</strong></span> <span class='ocrx_word' id='word_1_15' title='bbox 641 279 777 314; x_wconf 89' lang='lat' dir='ltr'>efficere</span> <span class='ocrx_word' id='word_1_16' title='bbox 801 291 873 315; x_wconf 87' lang='lat' dir='ltr'><strong>non</strong></span> <span class='ocrx_word' id='word_1_17' title='bbox 898 281 1031 325; x_wconf 60' lang='lat' dir='ltr'><strong>possin·</strong></span> <span class='ocrx_word' id='word_1_18' title='bbox 1052 289 1158 324; x_wconf 82' lang='lat'>1440.</span> 
     </span>
    </p>

    <p class='ocr_par' dir='ltr' id='par_1_4' title="bbox 170 329 738 372">
     <span class='ocr_line' id='line_1_4' title="bbox 170 329 738 372; baseline 0.004 -11"><span class='ocrx_word' id='word_1_19' title='bbox 170 329 271 362; x_wconf 91' lang='lat' dir='ltr'><strong>Nihil</strong></span> <span class='ocrx_word' id='word_1_20' title='bbox 295 330 362 362; x_wconf 86' lang='lat' dir='ltr'><strong>snb</strong></span> <span class='ocrx_word' id='word_1_21' title='bbox 386 329 458 361; x_wconf 88' lang='lat' dir='ltr'><strong>sole</strong></span> <span class='ocrx_word' id='word_1_22' title='bbox 482 339 627 362; x_wconf 85' lang='lat' dir='ltr'>novum.</span> <span class='ocrx_word' id='word_1_23' title='bbox 655 336 738 372; x_wconf 81' lang='lat'>437.</span> 
     </span>
    </p>

    <p class='ocr_par' dir='ltr' id='par_1_5' title="bbox 169 377 1332 421">
     <span class='ocr_line' id='line_1_5' title="bbox 169 377 1332 421; baseline 0 -11"><span class='ocrx_word' id='word_1_24' title='bbox 169 377 233 410; x_wconf 89' lang='lat' dir='ltr'><strong>Nil</strong></span> <span class='ocrx_word' id='word_1_25' title='bbox 256 382 369 410; x_wconf 86' lang='lat' dir='ltr'><strong>actum</strong></span> <span class='ocrx_word' id='word_1_26' title='bbox 395 377 548 417; x_wconf 86' lang='lat' dir='ltr'><strong>credens,</strong></span> <span class='ocrx_word' id='word_1_27' title='bbox 577 387 683 420; x_wconf 90' lang='lat' dir='ltr'><strong>quum</strong></span> <span class='ocrx_word' id='word_1_28' title='bbox 709 377 794 420; x_wconf 89' lang='lat' dir='ltr'><strong>quid</strong></span> <span class='ocrx_word' id='word_1_29' title='bbox 819 381 1014 421; x_wconf 81' lang='lat' dir='ltr'>superesset</span> <span class='ocrx_word' id='word_1_30' title='bbox 1037 377 1222 419; x_wconf 80' lang='lat' dir='ltr'><strong>agendum.</strong></span> <span class='ocrx_word' id='word_1_31' title='bbox 1249 383 1332 420; x_wconf 82' lang='lat'>333.</span> 
     </span>
    </p>

    <p class='ocr_par' dir='ltr' id='par_1_6' title="bbox 170 425 543 466">
     <span class='ocr_line' id='line_1_6' title="bbox 170 425 543 466; baseline 0 -9"><span class='ocrx_word' id='word_1_32' title='bbox 170 425 234 458; x_wconf 86' lang='lat' dir='ltr'><strong>Nil</strong></span> <span class='ocrx_word' id='word_1_33' title='bbox 257 425 431 458; x_wconf 82' lang='lat' dir='ltr'><strong>admirari.</strong></span> <span class='ocrx_word' id='word_1_34' title='bbox 460 425 543 466; x_wconf 83' lang='lat'>436.</span> 
     </span>
    </p>

    <p class='ocr_par' dir='ltr' id='par_1_7' title="bbox 171 472 674 515">
     <span class='ocr_line' id='line_1_7' title="bbox 171 472 674 515; baseline 0.002 -10"><span class='ocrx_word' id='word_1_35' title='bbox 171 474 233 505; x_wconf 86' lang='lat' dir='ltr'><strong>Nil</strong></span> <span class='ocrx_word' id='word_1_36' title='bbox 258 483 356 514; x_wconf 85' lang='lat' dir='ltr'><strong>agere</strong></span> <span class='ocrx_word' id='word_1_37' title='bbox 381 472 539 505; x_wconf 83' lang='lat' dir='ltr'><strong>delectat.</strong></span> <span class='ocrx_word' id='word_1_38' title='bbox 571 474 674 515; x_wconf 88' lang='lat'>1084.</span> 
     </span>
    </p>

    <p class='ocr_par' dir='ltr' id='par_1_8' title="bbox 170 518 1252 563">
     <span class='ocr_line' id='line_1_8' title="bbox 170 518 1252 563; baseline -0.001 -10"><span class='ocrx_word' id='word_1_39' title='bbox 170 521 232 553; x_wconf 87' lang='lat' dir='ltr'><strong>Nil</strong></span> <span class='ocrx_word' id='word_1_40' title='bbox 257 525 310 553; x_wconf 88' lang='lat' dir='ltr'><strong>est</strong></span> <span class='ocrx_word' id='word_1_41' title='bbox 334 521 370 552; x_wconf 88' lang='lat' dir='ltr'><strong>in</strong></span> <span class='ocrx_word' id='word_1_42' title='bbox 394 520 569 553; x_wconf 88' lang='lat' dir='ltr'><strong>intellectu</strong></span> <span class='ocrx_word' id='word_1_43' title='bbox 594 522 690 563; x_wconf 84' lang='lat' dir='ltr'><strong>quod</strong></span> <span class='ocrx_word' id='word_1_44' title='bbox 714 531 785 553; x_wconf 89' lang='lat' dir='ltr'><strong>non</strong></span> <span class='ocrx_word' id='word_1_45' title='bbox 811 521 913 553; x_wconf 84' lang='lat' dir='ltr'><strong>suerit</strong></span> <span class='ocrx_word' id='word_1_46' title='bbox 936 521 972 552; x_wconf 90' lang='lat' dir='ltr'><strong>in</strong></span> <span class='ocrx_word' id='word_1_47' title='bbox 998 530 1114 553; x_wconf 85' lang='lat' dir='ltr'><strong>sensu.</strong></span> <span class='ocrx_word' id='word_1_48' title='bbox 1147 518 1252 553; x_wconf 88' lang='grc'><strong>1668.</strong></span> 
     </span>
    </p>

    <p class='ocr_par' dir='ltr' id='par_1_9' title="bbox 170 565 1462 660">
     <span class='ocr_line' id='line_1_9' title="bbox 170 565 1462 612; baseline -0.002 -12"><span class='ocrx_word' id='word_1_49' title='bbox 170 569 233 601; x_wconf 88' lang='lat' dir='ltr'><strong>Nil</strong></span> <span class='ocrx_word' id='word_1_50' title='bbox 252 569 361 610; x_wconf 89' lang='lat' dir='ltr'><strong>igitur</strong></span> <span class='ocrx_word' id='word_1_51' title='bbox 387 569 461 600; x_wconf 84' lang='lat' dir='ltr'><strong>fleri</strong></span> <span class='ocrx_word' id='word_1_52' title='bbox 484 569 528 600; x_wconf 93' lang='lat' dir='ltr'><strong>de</strong></span> <span class='ocrx_word' id='word_1_53' title='bbox 553 569 663 601; x_wconf 88' lang='lat' dir='ltr'>nihilo</span> <span class='ocrx_word' id='word_1_54' title='bbox 691 579 794 611; x_wconf 86' lang='lat' dir='ltr'><strong>posse</strong></span> <span class='ocrx_word' id='word_1_55' title='bbox 827 569 1018 611; x_wconf 81' lang='lat' dir='ltr'><strong>putandum</strong></span> <span class='ocrx_word' id='word_1_56' title='bbox 1051 572 1104 600; x_wconf 88' lang='lat' dir='ltr'><strong>est</strong></span> <span class='ocrx_word' id='word_1_57' title='bbox 1125 568 1131 612; x_wconf 80' lang='grc' dir='ltr'>Ι</span> <span class='ocrx_word' id='word_1_58' title='bbox 1153 567 1289 600; x_wconf 87' lang='lat' dir='ltr'><strong>Semine</strong></span> <span class='ocrx_word' id='word_1_59' title='bbox 1321 565 1462 610; x_wconf 81' lang='lat' dir='ltr'><strong>quando</strong></span> 
     </span>
     <span class='ocr_line' id='line_1_10' title="bbox 219 617 638 660; baseline -0.002 -11"><span class='ocrx_word' id='word_1_60' title='bbox 219 627 308 660; x_wconf 92' lang='lat' dir='ltr'><strong>opus</strong></span> <span class='ocrx_word' id='word_1_61' title='bbox 333 620 386 649; x_wconf 85' lang='lat' dir='ltr'><strong>est</strong></span> <span class='ocrx_word' id='word_1_62' title='bbox 410 617 527 649; x_wconf 84' lang='lat' dir='ltr'><strong>rebus.</strong></span> <span class='ocrx_word' id='word_1_63' title='bbox 557 624 638 658; x_wconf 92' lang='lat'>3²0·</span> 
     </span>
    </p>

    <p class='ocr_par' dir='ltr' id='par_1_10' title="bbox 172 664 818 707">
     <span class='ocr_line' id='line_1_11' title="bbox 172 664 818 707; baseline 0.002 -11"><span class='ocrx_word' id='word_1_64' title='bbox 172 664 234 696; x_wconf 90' lang='lat' dir='ltr'><strong>Nil</strong></span> <span class='ocrx_word' id='word_1_65' title='bbox 259 668 383 707; x_wconf 87' lang='lat' dir='ltr'><strong>praeter</strong></span> <span class='ocrx_word' id='word_1_66' title='bbox 407 674 534 696; x_wconf 87' lang='lat' dir='ltr'><strong>nomen</strong></span> <span class='ocrx_word' id='word_1_67' title='bbox 560 664 706 697; x_wconf 85' lang='lat' dir='ltr'><strong>tumulo.</strong></span> <span class='ocrx_word' id='word_1_68' title='bbox 736 673 818 697; x_wconf 89' lang='lat'><em>201.</em></span> 
     </span>
    </p>

    <p class='ocr_par' dir='ltr' id='par_1_11' title="bbox 171 710 1252 756">
     <span class='ocr_line' id='line_1_12' title="bbox 171 710 1252 756; baseline -0.001 -12"><span class='ocrx_word' id='word_1_69' title='bbox 171 712 231 744; x_wconf 91' lang='lat' dir='ltr'><strong>Nil</strong></span> <span class='ocrx_word' id='word_1_70' title='bbox 259 713 333 744; x_wconf 91' lang='lat' dir='ltr'><strong>sine</strong></span> <span class='ocrx_word' id='word_1_71' title='bbox 358 723 482 754; x_wconf 88' lang='lat' dir='ltr'><strong>magno</strong></span> <span class='ocrx_word' id='word_1_72' title='bbox 504 710 509 756; x_wconf 85' lang='grc' dir='ltr'>Ι</span> <span class='ocrx_word' id='word_1_73' title='bbox 532 712 614 745; x_wconf 85' lang='lat' dir='ltr'><strong>Vita</strong></span> <span class='ocrx_word' id='word_1_74' title='bbox 637 713 756 745; x_wconf 87' lang='lat' dir='ltr'><strong>labore</strong></span> <span class='ocrx_word' id='word_1_75' title='bbox 780 712 876 744; x_wconf 85' lang='lat' dir='ltr'>dedit</span> <span class='ocrx_word' id='word_1_76' title='bbox 901 711 1115 744; x_wconf 82' lang='lat' dir='ltr'><strong>mortalibus.</strong></span> <span class='ocrx_word' id='word_1_77' title='bbox 1150 711 1252 743; x_wconf 90' lang='lat'>1088.</span> 
     </span>
    </p>

    <p class='ocr_par' dir='ltr' id='par_1_12' title="bbox 173 759 655 802">
     <span class='ocr_line' id='line_1_13' title="bbox 173 759 655 802; baseline 0.002 -10"><span class='ocrx_word' id='word_1_78' title='bbox 173 760 236 792; x_wconf 90' lang='lat' dir='ltr'><strong>Nil</strong></span> <span class='ocrx_word' id='word_1_79' title='bbox 260 761 325 792; x_wconf 86' lang='lat' dir='ltr'><strong>sub</strong></span> <span class='ocrx_word' id='word_1_80' title='bbox 351 759 423 792; x_wconf 90' lang='lat' dir='ltr'><strong>sole</strong></span> <span class='ocrx_word' id='word_1_81' title='bbox 449 761 544 793; x_wconf 92' lang='lat' dir='ltr'><strong>novi.</strong></span> <span class='ocrx_word' id='word_1_82' title='bbox 572 766 655 802; x_wconf 88' lang='lat'>437.</span> 
     </span>
    </p>

    <p class='ocr_par' dir='ltr' id='par_1_13' title="bbox 173 807 1111 850">
     <span class='ocr_line' id='line_1_14' title="bbox 173 807 1111 850; baseline -0.001 -10"><span class='ocrx_word' id='word_1_83' title='bbox 173 809 368 840; x_wconf 89' lang='lat' dir='ltr'><strong>N’insultez</strong></span> <span class='ocrx_word' id='word_1_84' title='bbox 389 808 512 850; x_wconf 88' lang='lat' dir='ltr'><strong>jamais</strong></span> <span class='ocrx_word' id='word_1_85' title='bbox 536 819 603 840; x_wconf 91' lang='lat' dir='ltr'><strong>une</strong></span> <span class='ocrx_word' id='word_1_86' title='bbox 628 809 753 840; x_wconf 79' lang='lat' dir='ltr'><strong>femme</strong></span> <span class='ocrx_word' id='word_1_87' title='bbox 779 810 836 850; x_wconf 90' lang='lat' dir='ltr'><strong>qui</strong></span> <span class='ocrx_word' id='word_1_88' title='bbox 863 807 999 839; x_wconf 88' lang='lat' dir='ltr'><strong>tombe!</strong></span> <span class='ocrx_word' id='word_1_89' title='bbox 1028 815 1111 849; x_wconf 86' lang='lat'>395.</span> 
     </span>
    </p>

    <p class='ocr_par' dir='ltr' id='par_1_14' title="bbox 173 856 638 896">
     <span class='ocr_line' id='line_1_15' title="bbox 173 856 638 896; baseline 0 -8"><span class='ocrx_word' id='word_1_90' title='bbox 173 857 292 889; x_wconf 86' lang='lat' dir='ltr'><strong>Niobe</strong></span> <span class='ocrx_word' id='word_1_91' title='bbox 317 856 356 888; x_wconf 83' lang='lat' dir='ltr'><strong>os</strong></span> <span class='ocrx_word' id='word_1_92' title='bbox 375 857 526 888; x_wconf 88' lang='lat' dir='ltr'><strong>nations.</strong></span> <span class='ocrx_word' id='word_1_93' title='bbox 555 858 638 896; x_wconf 90' lang='lat'>998.</span> 
     </span>
    </p>

    <p class='ocr_par' dir='ltr' id='par_1_15' title="bbox 173 904 890 947">
     <span class='ocr_line' id='line_1_16' title="bbox 173 904 890 947; baseline -0.001 -10"><span class='ocrx_word' id='word_1_94' title='bbox 173 904 754 947; x_wconf 79' lang='grc' dir='ltr'><strong>Νιψονανομηματαμημονοὶνοψιν.</strong></span> <span class='ocrx_word' id='word_1_95' title='bbox 787 904 850 937; x_wconf 89' lang='lat'><strong>108</strong></span> <span class='ocrx_word' id='word_1_96' title='bbox 856 912 874 945; x_wconf 89' lang='lat'>3</span> <span class='ocrx_word' id='word_1_97' title='bbox 881 927 890 936; x_wconf 93' lang='lat'><strong>.</strong></span> 
     </span>
    </p>

    <p class='ocr_par' dir='ltr' id='par_1_16' title="bbox 175 948 1462 1042">
     <span class='ocr_line' id='line_1_17' title="bbox 175 948 1462 994; baseline -0.003 -10"><span class='ocrx_word' id='word_1_98' title='bbox 175 952 253 985; x_wconf 91' lang='lat' dir='ltr'><strong>Nisi</strong></span> <span class='ocrx_word' id='word_1_99' title='bbox 276 952 366 984; x_wconf 88' lang='lat' dir='ltr'><strong>inter</strong></span> <span class='ocrx_word' id='word_1_100' title='bbox 390 962 510 984; x_wconf 90' lang='lat' dir='ltr'><strong>omnes</strong></span> <span class='ocrx_word' id='word_1_101' title='bbox 536 951 717 994; x_wconf 85' lang='lat' dir='ltr'><strong>possibiles</strong></span> <span class='ocrx_word' id='word_1_102' title='bbox 743 951 891 983; x_wconf 90' lang='lat' dir='ltr'><strong>mundos</strong></span> <span class='ocrx_word' id='word_1_103' title='bbox 917 950 1068 993; x_wconf 83' lang='lat' dir='ltr'><strong>optimus</strong></span> <span class='ocrx_word' id='word_1_104' title='bbox 1093 953 1196 991; x_wconf 89' lang='lat' dir='ltr'><strong>esset,</strong></span> <span class='ocrx_word' id='word_1_105' title='bbox 1215 949 1311 981; x_wconf 90' lang='lat' dir='ltr'><strong>Deus</strong></span> <span class='ocrx_word' id='word_1_106' title='bbox 1330 948 1462 980; x_wconf 88' lang='lat' dir='ltr'><strong>nullum</strong></span> 
     </span>
     <span class='ocr_line' id='line_1_18' title="bbox 223 1000 568 1042; baseline 0.003 -11"><span class='ocrx_word' id='word_1_107' title='bbox 223 1000 455 1042; x_wconf 87' lang='lat' dir='ltr'><strong>produxisset.</strong></span> <span class='ocrx_word' id='word_1_108' title='bbox 484 1001 568 1040; x_wconf 86' lang='lat'>837.</span> 
     </span>
    </p>

    <p class='ocr_par' dir='ltr' id='par_1_17' title="bbox 174 1047 1231 1090">
     <span class='ocr_line' id='line_1_19' title="bbox 174 1047 1231 1090; baseline -0.002 -11"><span class='ocrx_word' id='word_1_109' title='bbox 174 1048 328 1080; x_wconf 83' lang='lat' dir='ltr'><strong>Nitimur</strong></span> <span class='ocrx_word' id='word_1_110' title='bbox 353 1047 390 1079; x_wconf 91' lang='lat' dir='ltr'><strong>in</strong></span> <span class='ocrx_word' id='word_1_111' title='bbox 414 1047 559 1080; x_wconf 85' lang='lat' dir='ltr'><strong>vetitum</strong></span> <span class='ocrx_word' id='word_1_112' title='bbox 584 1057 729 1090; x_wconf 87' lang='lat' dir='ltr'>semper,</span> <span class='ocrx_word' id='word_1_113' title='bbox 760 1047 986 1089; x_wconf 87' lang='lat' dir='ltr'><strong>cupimusque</strong></span> <span class='ocrx_word' id='word_1_114' title='bbox 1009 1049 1144 1087; x_wconf 80' lang='lat' dir='ltr'><strong>negata.</strong></span> <span class='ocrx_word' id='word_1_115' title='bbox 1173 1052 1231 1086; x_wconf 87' lang='lat'><strong>33.</strong></span> 
     </span>
    </p>

    <p class='ocr_par' dir='ltr' id='par_1_18' title="bbox 174 1091 1463 1184">
     <span class='ocr_line' id='line_1_20' title="bbox 174 1091 1463 1138; baseline -0.003 -11"><span class='ocrx_word' id='word_1_116' title='bbox 174 1095 223 1127; x_wconf 90' lang='lat' dir='ltr'><strong>Ni</strong></span> <span class='ocrx_word' id='word_1_117' title='bbox 248 1106 294 1127; x_wconf 91' lang='lat' dir='ltr'><strong>un</strong></span> <span class='ocrx_word' id='word_1_118' title='bbox 320 1105 429 1138; x_wconf 92' lang='lat' dir='ltr'><strong>pouce</strong></span> <span class='ocrx_word' id='word_1_119' title='bbox 460 1095 503 1127; x_wconf 92' lang='lat' dir='ltr'><strong>de</strong></span> <span class='ocrx_word' id='word_1_120' title='bbox 532 1098 632 1127; x_wconf 85' lang='lat' dir='ltr'><strong>notre</strong></span> <span class='ocrx_word' id='word_1_121' title='bbox 663 1095 844 1135; x_wconf 82' lang='lat' dir='ltr'><strong>territoire,</strong></span> <span class='ocrx_word' id='word_1_122' title='bbox 880 1095 916 1126; x_wconf 88' lang='lat' dir='ltr'><strong>ni</strong></span> <span class='ocrx_word' id='word_1_123' title='bbox 947 1104 1014 1126; x_wconf 87' lang='lat' dir='ltr'><strong>une</strong></span> <span class='ocrx_word' id='word_1_124' title='bbox 1047 1094 1157 1136; x_wconf 87' lang='lat' dir='ltr'><strong>pierre</strong></span> <span class='ocrx_word' id='word_1_125' title='bbox 1187 1094 1231 1124; x_wconf 90' lang='lat' dir='ltr'><strong>de</strong></span> <span class='ocrx_word' id='word_1_126' title='bbox 1263 1102 1328 1124; x_wconf 77' lang='lat' dir='ltr'><strong>nos</strong></span> <span class='ocrx_word' id='word_1_127' title='bbox 1362 1091 1463 1124; x_wconf 47' lang='lat' dir='ltr'><strong>sortes</strong></span> 
     </span>
     <span class='ocr_line' id='line_1_21' title="bbox 223 1149 460 1184; baseline 0.008 -10"><span class='ocrx_word' id='word_1_128' title='bbox 223 1153 347 1176; x_wconf 87' lang='lat' dir='ltr'><strong>resses.</strong></span> <span class='ocrx_word' id='word_1_129' title='bbox 378 1149 460 1184; x_wconf 89' lang='lat'>713.</span> 
     </span>
    </p>

    <p class='ocr_par' dir='ltr' id='par_1_19' title="bbox 175 1190 1162 1232">
     <span class='ocr_line' id='line_1_22' title="bbox 175 1190 1162 1232; baseline -0.002 -9"><span class='ocrx_word' id='word_1_130' title='bbox 175 1191 316 1223; x_wconf 85' lang='lat' dir='ltr'><strong>Nobilis</strong></span> <span class='ocrx_word' id='word_1_131' title='bbox 342 1195 394 1223; x_wconf 87' lang='lat' dir='ltr'><strong>est</strong></span> <span class='ocrx_word' id='word_1_132' title='bbox 418 1194 494 1222; x_wconf 85' lang='lat' dir='ltr'><strong>ruta</strong></span> <span class='ocrx_word' id='word_1_133' title='bbox 518 1190 600 1232; x_wconf 85' lang='lat' dir='ltr'><strong>quia</strong></span> <span class='ocrx_word' id='word_1_134' title='bbox 624 1190 753 1222; x_wconf 87' lang='lat' dir='ltr'><strong>lumina</strong></span> <span class='ocrx_word' id='word_1_135' title='bbox 779 1190 891 1222; x_wconf 87' lang='lat' dir='ltr'><strong>reddit</strong></span> <span class='ocrx_word' id='word_1_136' title='bbox 916 1194 1026 1222; x_wconf 84' lang='lat' dir='ltr'>acuta.</span> <span class='ocrx_word' id='word_1_137' title='bbox 1060 1196 1162 1230; x_wconf 87' lang='lat'>1514.</span> 
     </span>
    </p>

    <p class='ocr_par' dir='ltr' id='par_1_20' title="bbox 175 1238 638 1280">
     <span class='ocr_line' id='line_1_23' title="bbox 175 1238 638 1280; baseline 0 -10"><span class='ocrx_word' id='word_1_138' title='bbox 175 1238 349 1272; x_wconf 88' lang='lat' dir='ltr'><strong>Noblesse</strong></span> <span class='ocrx_word' id='word_1_139' title='bbox 374 1238 502 1280; x_wconf 87' lang='lat' dir='ltr'><strong>oblige.</strong></span> <span class='ocrx_word' id='word_1_140' title='bbox 535 1238 638 1280; x_wconf 88' lang='grc'>1385.</span> 
     </span>
    </p>

    <p class='ocr_par' dir='ltr' id='par_1_21' title="bbox 175 1285 912 1328">
     <span class='ocr_line' id='line_1_24' title="bbox 175 1285 912 1328; baseline 0 -10"><span class='ocrx_word' id='word_1_141' title='bbox 175 1286 280 1320; x_wconf 91' lang='lat' dir='ltr'><strong>Noch</strong></span> <span class='ocrx_word' id='word_1_142' title='bbox 305 1287 350 1319; x_wconf 89' lang='lat' dir='ltr'><strong>ist</strong></span> <span class='ocrx_word' id='word_1_143' title='bbox 374 1287 485 1319; x_wconf 86' lang='lat' dir='ltr'><strong>Polen</strong></span> <span class='ocrx_word' id='word_1_144' title='bbox 509 1285 605 1318; x_wconf 86' lang='lat' dir='ltr'><strong>nicht</strong></span> <span class='ocrx_word' id='word_1_145' title='bbox 630 1286 799 1318; x_wconf 87' lang='lat' dir='ltr'><strong>verloren.</strong></span> <span class='ocrx_word' id='word_1_146' title='bbox 828 1286 912 1328; x_wconf 88' lang='lat'>483.</span> 
     </span>
    </p>

    <p class='ocr_par' dir='ltr' id='par_1_22' title="bbox 176 1333 1146 1376">
     <span class='ocr_line' id='line_1_25' title="bbox 176 1333 1146 1376; baseline -0.004 -9"><span class='ocrx_word' id='word_1_147' title='bbox 176 1335 290 1367; x_wconf 86' lang='lat' dir='ltr'><strong>Nocte</strong></span> <span class='ocrx_word' id='word_1_148' title='bbox 314 1334 402 1376; x_wconf 88' lang='lat' dir='ltr'><strong>pluit</strong></span> <span class='ocrx_word' id='word_1_149' title='bbox 426 1338 512 1373; x_wconf 86' lang='lat' dir='ltr'><strong>tota,</strong></span> <span class='ocrx_word' id='word_1_150' title='bbox 539 1333 683 1365; x_wconf 89' lang='lat' dir='ltr'><strong>redeunt</strong></span> <span class='ocrx_word' id='word_1_151' title='bbox 709 1333 900 1375; x_wconf 80' lang='lat' dir='ltr'><strong>spectacula</strong></span> <span class='ocrx_word' id='word_1_152' title='bbox 924 1342 1035 1365; x_wconf 90' lang='lat' dir='ltr'><strong>mane.</strong></span> <span class='ocrx_word' id='word_1_153' title='bbox 1065 1339 1146 1374; x_wconf 84' lang='lat'>542.</span> 
     </span>
    </p>

    <p class='ocr_par' dir='ltr' id='par_1_23' title="bbox 177 1380 1186 1422">
     <span class='ocr_line' id='line_1_26' title="bbox 177 1380 1186 1422; baseline -0.004 -8"><span class='ocrx_word' id='word_1_154' title='bbox 177 1383 247 1415; x_wconf 88' lang='lat' dir='ltr'><strong>Noi</strong></span> <span class='ocrx_word' id='word_1_155' title='bbox 272 1382 432 1414; x_wconf 88' lang='lat' dir='ltr'><strong>abbiamo</strong></span> <span class='ocrx_word' id='word_1_156' title='bbox 458 1393 503 1413; x_wconf 93' lang='lat' dir='ltr'><strong>un</strong></span> <span class='ocrx_word' id='word_1_157' title='bbox 530 1382 603 1413; x_wconf 91' lang='lat' dir='ltr'><strong>solo</strong></span> <span class='ocrx_word' id='word_1_158' title='bbox 629 1383 773 1420; x_wconf 72' lang='lat' dir='ltr'><strong>nemim,</strong></span> <span class='ocrx_word' id='word_1_159' title='bbox 803 1380 1050 1422; x_wconf 83' lang='lat' dir='ltr'><strong>i’Inghilterra.</strong></span> <span class='ocrx_word' id='word_1_160' title='bbox 1084 1387 1186 1421; x_wconf 88' lang='lat'>1903.</span> 
     </span>
    </p>

    <p class='ocr_par' dir='ltr' id='par_1_24' title="bbox 176 1427 1154 1468">
     <span class='ocr_line' id='line_1_27' title="bbox 176 1427 1154 1468; baseline -0.003 -6"><span class='ocrx_word' id='word_1_161' title='bbox 176 1431 248 1463; x_wconf 90' lang='lat' dir='ltr'><strong>Noi</strong></span> <span class='ocrx_word' id='word_1_162' title='bbox 273 1429 351 1462; x_wconf 85' lang='lat' dir='ltr'><strong>altri</strong></span> <span class='ocrx_word' id='word_1_163' title='bbox 375 1430 513 1462; x_wconf 86' lang='lat' dir='ltr'><strong>Italiani</strong></span> <span class='ocrx_word' id='word_1_164' title='bbox 538 1427 830 1461; x_wconf 86' lang='lat' dir='ltr'><strong>c&#39;innamoriamo</strong></span> <span class='ocrx_word' id='word_1_165' title='bbox 854 1430 891 1460; x_wconf 86' lang='lat' dir='ltr'><strong>in</strong></span> <span class='ocrx_word' id='word_1_166' title='bbox 915 1429 1043 1460; x_wconf 83' lang='lat' dir='ltr'><strong>chiesa.</strong></span> <span class='ocrx_word' id='word_1_167' title='bbox 1075 1435 1154 1468; x_wconf 88' lang='lat'>103.</span> 
     </span>
    </p>

    <p class='ocr_par' dir='ltr' id='par_1_25' title="bbox 177 1477 1015 1519">
     <span class='ocr_line' id='line_1_28' title="bbox 177 1477 1015 1519; baseline -0.002 -9"><span class='ocrx_word' id='word_1_168' title='bbox 177 1479 247 1510; x_wconf 90' lang='lat' dir='ltr'><strong>Noi</strong></span> <span class='ocrx_word' id='word_1_169' title='bbox 272 1478 471 1518; x_wconf 86' lang='lat' dir='ltr'><strong>leggevamo</strong></span> <span class='ocrx_word' id='word_1_170' title='bbox 496 1489 542 1509; x_wconf 92' lang='lat' dir='ltr'><strong>un</strong></span> <span class='ocrx_word' id='word_1_171' title='bbox 568 1479 685 1518; x_wconf 85' lang='lat' dir='ltr'><strong>giorno</strong></span> <span class='ocrx_word' id='word_1_172' title='bbox 712 1488 771 1519; x_wconf 89' lang='lat' dir='ltr'><strong>per</strong></span> <span class='ocrx_word' id='word_1_173' title='bbox 796 1477 927 1509; x_wconf 83' lang='lat' dir='ltr'><strong>diletto.</strong></span> <span class='ocrx_word' id='word_1_174' title='bbox 956 1485 1015 1517; x_wconf 90' lang='lat'><strong>93.</strong></span> 
     </span>
    </p>

    <p class='ocr_par' dir='ltr' id='par_1_26' title="bbox 178 1525 1072 1565">
     <span class='ocr_line' id='line_1_29' title="bbox 178 1525 1072 1565; baseline -0.003 -7"><span class='ocrx_word' id='word_1_175' title='bbox 178 1527 250 1558; x_wconf 92' lang='lat' dir='ltr'><strong>Noi</strong></span> <span class='ocrx_word' id='word_1_176' title='bbox 275 1526 447 1565; x_wconf 89' lang='lat' dir='ltr'><strong>morirem,</strong></span> <span class='ocrx_word' id='word_1_177' title='bbox 476 1536 530 1557; x_wconf 89' lang='lat' dir='ltr'><strong>ma</strong></span> <span class='ocrx_word' id='word_1_178' title='bbox 555 1535 626 1557; x_wconf 88' lang='lat' dir='ltr'><strong>non</strong></span> <span class='ocrx_word' id='word_1_179' title='bbox 651 1535 822 1557; x_wconf 88' lang='lat' dir='ltr'><strong>morremo</strong></span> <span class='ocrx_word' id='word_1_180' title='bbox 846 1525 959 1556; x_wconf 86' lang='lat' dir='ltr'><strong>inulti.</strong></span> <span class='ocrx_word' id='word_1_181' title='bbox 991 1525 1072 1563; x_wconf 81' lang='grc'>782.</span> 
     </span>
    </p>

    <p class='ocr_par' dir='ltr' id='par_1_27' title="bbox 179 1573 878 1614">
     <span class='ocr_line' id='line_1_30' title="bbox 179 1573 878 1614; baseline -0.001 -8"><span class='ocrx_word' id='word_1_182' title='bbox 179 1575 247 1606; x_wconf 92' lang='lat' dir='ltr'><strong>Noi</strong></span> <span class='ocrx_word' id='word_1_183' title='bbox 274 1584 343 1606; x_wconf 88' lang='lat' dir='ltr'><strong>non</strong></span> <span class='ocrx_word' id='word_1_184' title='bbox 370 1574 531 1605; x_wconf 86' lang='lat' dir='ltr'><strong>andremo</strong></span> <span class='ocrx_word' id='word_1_185' title='bbox 557 1584 576 1604; x_wconf 92' lang='lat' dir='ltr'>a</span> <span class='ocrx_word' id='word_1_186' title='bbox 601 1573 765 1606; x_wconf 78' lang='lat' dir='ltr'><strong>Canossa.</strong></span> <span class='ocrx_word' id='word_1_187' title='bbox 795 1581 878 1614; x_wconf 88' lang='lat'>349.</span> 
     </span>
    </p>

    <p class='ocr_par' dir='ltr' id='par_1_28' title="bbox 179 1614 1464 1757">
     <span class='ocr_line' id='line_1_31' title="bbox 179 1614 1464 1664; baseline -0.006 -10"><span class='ocrx_word' id='word_1_188' title='bbox 179 1623 248 1654; x_wconf 90' lang='lat' dir='ltr'><strong>Noi</strong></span> <span class='ocrx_word' id='word_1_189' title='bbox 275 1633 342 1653; x_wconf 91' lang='lat' dir='ltr'><strong>non</strong></span> <span class='ocrx_word' id='word_1_190' title='bbox 369 1627 524 1664; x_wconf 86' lang='lat' dir='ltr'><strong>potremo</strong></span> <span class='ocrx_word' id='word_1_191' title='bbox 543 1626 693 1652; x_wconf 89' lang='lat' dir='ltr'><strong>ottenere</strong></span> <span class='ocrx_word' id='word_1_192' title='bbox 719 1621 739 1652; x_wconf 89' lang='lat' dir='ltr'><strong>il</strong></span> <span class='ocrx_word' id='word_1_193' title='bbox 767 1626 867 1662; x_wconf 87' lang='lat' dir='ltr'><strong>posto</strong></span> <span class='ocrx_word' id='word_1_194' title='bbox 893 1620 926 1651; x_wconf 88' lang='lat' dir='ltr'><strong>al</strong></span> <span class='ocrx_word' id='word_1_195' title='bbox 951 1619 1021 1650; x_wconf 87' lang='lat' dir='ltr'><strong>sole</strong></span> <span class='ocrx_word' id='word_1_196' title='bbox 1048 1618 1108 1649; x_wconf 89' lang='lat' dir='ltr'><strong>che</strong></span> <span class='ocrx_word' id='word_1_197' title='bbox 1133 1618 1161 1648; x_wconf 88' lang='lat' dir='ltr'><strong>ci</strong></span> <span class='ocrx_word' id='word_1_198' title='bbox 1188 1621 1298 1659; x_wconf 80' lang='lat' dir='ltr'><strong>spetta</strong></span> <span class='ocrx_word' id='word_1_199' title='bbox 1317 1614 1378 1647; x_wconf 87' lang='lat' dir='ltr'><strong>che</strong></span> <span class='ocrx_word' id='word_1_200' title='bbox 1402 1623 1464 1646; x_wconf 86' lang='lat' dir='ltr'><strong>con</strong></span> 
     </span>
     <span class='ocr_line' id='line_1_32' title="bbox 226 1662 1464 1711; baseline -0.006 -10"><span class='ocrx_word' id='word_1_201' title='bbox 226 1670 248 1702; x_wconf 90' lang='lat' dir='ltr'><strong>l’</strong></span> <span class='ocrx_word' id='word_1_202' title='bbox 260 1671 351 1701; x_wconf 84' lang='lat' dir='ltr'><strong>aiuto</strong></span> <span class='ocrx_word' id='word_1_203' title='bbox 378 1670 410 1700; x_wconf 92' lang='lat' dir='ltr'><strong>di</strong></span> <span class='ocrx_word' id='word_1_204' title='bbox 437 1680 504 1701; x_wconf 85' lang='lat' dir='ltr'><strong>una</strong></span> <span class='ocrx_word' id='word_1_205' title='bbox 529 1669 643 1700; x_wconf 87' lang='lat' dir='ltr'><strong>buona</strong></span> <span class='ocrx_word' id='word_1_206' title='bbox 669 1669 788 1711; x_wconf 83' lang='lat' dir='ltr'><strong>spada,</strong></span> <span class='ocrx_word' id='word_1_207' title='bbox 818 1667 938 1711; x_wconf 77' lang='lat' dir='ltr'><strong>perche</strong></span> <span class='ocrx_word' id='word_1_208' title='bbox 972 1677 1038 1698; x_wconf 86' lang='lat' dir='ltr'><strong>non</strong></span> <span class='ocrx_word' id='word_1_209' title='bbox 1066 1676 1103 1697; x_wconf 89' lang='lat' dir='ltr'><strong>ce</strong></span> <span class='ocrx_word' id='word_1_210' title='bbox 1128 1665 1162 1696; x_wconf 83' lang='lat' dir='ltr'><strong>lo</strong></span> <span class='ocrx_word' id='word_1_211' title='bbox 1187 1664 1374 1696; x_wconf 85' lang='lat' dir='ltr'><strong>cederanno</strong></span> <span class='ocrx_word' id='word_1_212' title='bbox 1399 1662 1464 1694; x_wconf 77' lang='lat' dir='ltr'><strong>mai</strong></span> 
     </span>
     <span class='ocr_line' id='line_1_33' title="bbox 229 1716 678 1757; baseline 0 -9"><span class='ocrx_word' id='word_1_213' title='bbox 229 1718 543 1750; x_wconf 82' lang='lat' dir='ltr'><strong>volontariamente.</strong></span> <span class='ocrx_word' id='word_1_214' title='bbox 576 1716 678 1757; x_wconf 89' lang='lat'>1889.</span> 
     </span>
    </p>

    <p class='ocr_par' dir='ltr' id='par_1_29' title="bbox 179 1757 1466 1856">
     <span class='ocr_line' id='line_1_34' title="bbox 179 1757 1466 1806; baseline -0.007 -9"><span class='ocrx_word' id='word_1_215' title='bbox 179 1765 251 1797; x_wconf 92' lang='lat' dir='ltr'><strong>Noi</strong></span> <span class='ocrx_word' id='word_1_216' title='bbox 276 1766 360 1797; x_wconf 88' lang='lat' dir='ltr'><strong>siam</strong></span> <span class='ocrx_word' id='word_1_217' title='bbox 388 1765 472 1806; x_wconf 84' lang='lat' dir='ltr'><strong>figli,</strong></span> <span class='ocrx_word' id='word_1_218' title='bbox 500 1765 590 1804; x_wconf 80' lang='lat' dir='ltr'><strong>diro,</strong></span> <span class='ocrx_word' id='word_1_219' title='bbox 618 1765 652 1796; x_wconf 90' lang='lat' dir='ltr'><strong>di</strong></span> <span class='ocrx_word' id='word_1_220' title='bbox 678 1764 737 1795; x_wconf 92' lang='lat' dir='ltr'><strong>noi</strong></span> <span class='ocrx_word' id='word_1_221' title='bbox 762 1764 875 1803; x_wconf 84' lang='lat' dir='ltr'><strong>stessi,</strong></span> <span class='ocrx_word' id='word_1_222' title='bbox 900 1762 905 1806; x_wconf 90' lang='grc' dir='ltr'>Ι</span> <span class='ocrx_word' id='word_1_223' title='bbox 928 1763 1020 1794; x_wconf 91' lang='lat' dir='ltr'><strong>Loro</strong></span> <span class='ocrx_word' id='word_1_224' title='bbox 1056 1761 1174 1792; x_wconf 91' lang='lat' dir='ltr'><strong>invece</strong></span> <span class='ocrx_word' id='word_1_225' title='bbox 1199 1760 1227 1791; x_wconf 91' lang='lat' dir='ltr'><strong>si</strong></span> <span class='ocrx_word' id='word_1_226' title='bbox 1252 1757 1466 1802; x_wconf 82' lang='lat' dir='ltr'><strong>appoggiano</strong></span> 
     </span>
     <span class='ocr_line' id='line_1_35' title="bbox 229 1813 533 1856; baseline 0 -11"><span class='ocrx_word' id='word_1_227' title='bbox 229 1813 260 1845; x_wconf 86' lang='lat' dir='ltr'><strong>ai</strong></span> <span class='ocrx_word' id='word_1_228' title='bbox 285 1813 397 1856; x_wconf 88' lang='lat' dir='ltr'><strong>padri.</strong></span> <span class='ocrx_word' id='word_1_229' title='bbox 427 1813 533 1852; x_wconf 88' lang='lat'>2198.</span> 
     </span>
    </p>

    <p class='ocr_par' dir='ltr' id='par_1_30' title="bbox 182 1858 896 1893">
     <span class='ocr_line' id='line_1_36' title="bbox 182 1858 896 1893; baseline -0.003 -1"><span class='ocrx_word' id='word_1_230' title='bbox 182 1860 252 1893; x_wconf 91' lang='lat' dir='ltr'><strong>Noi</strong></span> <span class='ocrx_word' id='word_1_231' title='bbox 278 1862 384 1892; x_wconf 89' lang='lat' dir='ltr'><strong>siamo</strong></span> <span class='ocrx_word' id='word_1_232' title='bbox 410 1860 432 1892; x_wconf 93' lang='lat' dir='ltr'><strong>il</strong></span> <span class='ocrx_word' id='word_1_233' title='bbox 458 1860 526 1892; x_wconf 85' lang='lat' dir='ltr'><strong>sale</strong></span> <span class='ocrx_word' id='word_1_234' title='bbox 552 1859 641 1891; x_wconf 88' lang='lat' dir='ltr'><strong>della</strong></span> <span class='ocrx_word' id='word_1_235' title='bbox 666 1864 765 1891; x_wconf 87' lang='lat' dir='ltr'><strong>terra.</strong></span> <span class='ocrx_word' id='word_1_236' title='bbox 795 1858 896 1890; x_wconf 91' lang='lat'>1881.</span> 
     </span>
    </p>

    <p class='ocr_par' dir='ltr' id='par_1_31' title="bbox 180 1908 1014 1950">
     <span class='ocr_line' id='line_1_37' title="bbox 180 1908 1014 1950; baseline -0.004 -10"><span class='ocrx_word' id='word_1_237' title='bbox 180 1909 253 1940; x_wconf 92' lang='lat' dir='ltr'><strong>Noi</strong></span> <span class='ocrx_word' id='word_1_238' title='bbox 276 1909 385 1940; x_wconf 86' lang='lat' dir='ltr'><strong>siamo</strong></span> <span class='ocrx_word' id='word_1_239' title='bbox 411 1908 543 1950; x_wconf 90' lang='lat' dir='ltr'><strong>piccoli,</strong></span> <span class='ocrx_word' id='word_1_240' title='bbox 569 1908 575 1950; x_wconf 80' lang='grc' dir='ltr'>Ι</span> <span class='ocrx_word' id='word_1_241' title='bbox 598 1908 658 1939; x_wconf 87' lang='lat' dir='ltr'><strong>Ma</strong></span> <span class='ocrx_word' id='word_1_242' title='bbox 682 1917 901 1938; x_wconf 88' lang='lat' dir='ltr'><strong>cresceremo.</strong></span> <span class='ocrx_word' id='word_1_243' title='bbox 934 1912 1014 1947; x_wconf 82' lang='lat'>579.</span> 
     </span>
    </p>

    <p class='ocr_par' dir='ltr' id='par_1_32' title="bbox 180 1955 692 1996">
     <span class='ocr_line' id='line_1_38' title="bbox 180 1955 692 1996; baseline -0.004 -8"><span class='ocrx_word' id='word_1_244' title='bbox 180 1956 252 1988; x_wconf 92' lang='lat' dir='ltr'><strong>Noi</strong></span> <span class='ocrx_word' id='word_1_245' title='bbox 278 1956 363 1988; x_wconf 89' lang='lat' dir='ltr'><strong>siam</strong></span> <span class='ocrx_word' id='word_1_246' title='bbox 390 1955 581 1996; x_wconf 88' lang='lat' dir='ltr'><strong>vigliacchi.</strong></span> <span class='ocrx_word' id='word_1_247' title='bbox 610 1955 692 1995; x_wconf 90' lang='grc'><strong>669.</strong></span> 
     </span>
    </p>

    <p class='ocr_par' dir='ltr' id='par_1_33' title="bbox 180 2001 791 2044">
     <span class='ocr_line' id='line_1_39' title="bbox 180 2001 791 2044; baseline -0.003 -9"><span class='ocrx_word' id='word_1_248' title='bbox 180 2004 249 2035; x_wconf 87' lang='lat' dir='ltr'><strong>Noi</strong></span> <span class='ocrx_word' id='word_1_249' title='bbox 275 2004 442 2044; x_wconf 85' lang='lat' dir='ltr'><strong>vogliamo</strong></span> <span class='ocrx_word' id='word_1_250' title='bbox 469 2004 501 2035; x_wconf 92' lang='lat' dir='ltr'><strong>la</strong></span> <span class='ocrx_word' id='word_1_251' title='bbox 526 2003 656 2035; x_wconf 55' lang='lat' dir='ltr'><strong>liberte.</strong></span> <span class='ocrx_word' id='word_1_252' title='bbox 690 2001 791 2043; x_wconf 86' lang='lat'>1847.</span> 
     </span>
    </p>

    <p class='ocr_par' dir='ltr' id='par_1_34' title="bbox 181 2051 798 2093">
     <span class='ocr_line' id='line_1_40' title="bbox 181 2051 798 2093; baseline -0.003 -10"><span class='ocrx_word' id='word_1_253' title='bbox 181 2051 266 2083; x_wconf 92' lang='lat' dir='ltr'><strong>Noli</strong></span> <span class='ocrx_word' id='word_1_254' title='bbox 291 2061 365 2084; x_wconf 84' lang='lat' dir='ltr'><strong>esse</strong></span> <span class='ocrx_word' id='word_1_255' title='bbox 387 2052 502 2093; x_wconf 84' lang='lat' dir='ltr'><strong>justus</strong></span> <span class='ocrx_word' id='word_1_256' title='bbox 529 2051 687 2083; x_wconf 88' lang='lat' dir='ltr'><strong>multum.</strong></span> <span class='ocrx_word' id='word_1_257' title='bbox 716 2051 798 2090; x_wconf 87' lang='lat'>605.</span> 
     </span>
    </p>

    <p class='ocr_par' dir='ltr' id='par_1_35' title="bbox 181 2099 658 2139">
     <span class='ocr_line' id='line_1_41' title="bbox 181 2099 658 2139; baseline -0.002 -8"><span class='ocrx_word' id='word_1_258' title='bbox 181 2099 266 2131; x_wconf 85' lang='lat' dir='ltr'><strong>Noli</strong></span> <span class='ocrx_word' id='word_1_259' title='bbox 293 2109 346 2131; x_wconf 91' lang='lat' dir='ltr'><strong>me</strong></span> <span class='ocrx_word' id='word_1_260' title='bbox 372 2103 522 2139; x_wconf 85' lang='lat' dir='ltr'><strong>tangere.</strong></span> <span class='ocrx_word' id='word_1_261' title='bbox 556 2105 658 2138; x_wconf 87' lang='lat'>1917.</span> 
     </span>
    </p>

    <p class='ocr_par' dir='ltr' id='par_1_36' title="bbox 181 2145 944 2185">
     <span class='ocr_line' id='line_1_42' title="bbox 181 2145 944 2185; baseline -0.005 -6"><span class='ocrx_word' id='word_1_262' title='bbox 181 2147 265 2179; x_wconf 92' lang='lat' dir='ltr'><strong>Noli</strong></span> <span class='ocrx_word' id='word_1_263' title='bbox 290 2148 445 2185; x_wconf 87' lang='lat' dir='ltr'><strong>obsecro,</strong></span> <span class='ocrx_word' id='word_1_264' title='bbox 475 2147 578 2178; x_wconf 88' lang='lat' dir='ltr'><strong>istum</strong></span> <span class='ocrx_word' id='word_1_265' title='bbox 604 2145 809 2178; x_wconf 80' lang='lat' dir='ltr'><strong>disturbare.</strong></span> <span class='ocrx_word' id='word_1_266' title='bbox 842 2152 944 2184; x_wconf 88' lang='lat'>1921.</span> 
     </span>
    </p>

    <p class='ocr_par' dir='ltr' id='par_1_37' title="bbox 180 2191 1059 2234">
     <span class='ocr_line' id='line_1_43' title="bbox 180 2191 1059 2234; baseline -0.006 -8"><span class='ocrx_word' id='word_1_267' title='bbox 180 2195 301 2227; x_wconf 90' lang='lat' dir='ltr'><strong>Nolite</strong></span> <span class='ocrx_word' id='word_1_268' title='bbox 325 2204 406 2234; x_wconf 86' lang='lat' dir='ltr'><strong>ergo</strong></span> <span class='ocrx_word' id='word_1_269' title='bbox 431 2194 567 2226; x_wconf 85' lang='lat' dir='ltr'><strong>solliciti</strong></span> <span class='ocrx_word' id='word_1_270' title='bbox 593 2203 666 2225; x_wconf 86' lang='lat' dir='ltr'><strong>esse</strong></span> <span class='ocrx_word' id='word_1_271' title='bbox 692 2193 727 2224; x_wconf 90' lang='lat' dir='ltr'><strong>in</strong></span> <span class='ocrx_word' id='word_1_272' title='bbox 750 2191 947 2224; x_wconf 83' lang='lat' dir='ltr'><strong>crastinum.</strong></span> <span class='ocrx_word' id='word_1_273' title='bbox 976 2191 1059 2231; x_wconf 86' lang='lat'>853.</span> 
     </span>
    </p>

    <p class='ocr_par' dir='ltr' id='par_1_38' title="bbox 181 2239 1021 2285">
     <span class='ocr_line' id='line_1_44' title="bbox 181 2239 1021 2285; baseline -0.006 -11"><span class='ocrx_word' id='word_1_274' title='bbox 181 2242 301 2274; x_wconf 89' lang='lat' dir='ltr'><strong>Nolite</strong></span> <span class='ocrx_word' id='word_1_275' title='bbox 322 2242 488 2285; x_wconf 84' lang='lat' dir='ltr'><strong>judicare,</strong></span> <span class='ocrx_word' id='word_1_276' title='bbox 517 2246 554 2274; x_wconf 87' lang='lat' dir='ltr'><strong>ut</strong></span> <span class='ocrx_word' id='word_1_277' title='bbox 580 2251 650 2273; x_wconf 90' lang='lat' dir='ltr'><strong>non</strong></span> <span class='ocrx_word' id='word_1_278' title='bbox 671 2239 885 2283; x_wconf 87' lang='lat' dir='ltr'><strong>judicemini.</strong></span> <span class='ocrx_word' id='word_1_279' title='bbox 919 2240 1021 2270; x_wconf 83' lang='lat'>1802.</span> 
     </span>
    </p>

    <p class='ocr_par' dir='ltr' id='par_1_39' title="bbox 182 2289 868 2327">
     <span class='ocr_line' id='line_1_45' title="bbox 182 2289 868 2327; baseline -0.004 -5"><span class='ocrx_word' id='word_1_280' title='bbox 182 2290 267 2322; x_wconf 90' lang='lat' dir='ltr'><strong>Noli</strong></span> <span class='ocrx_word' id='word_1_281' title='bbox 292 2290 430 2321; x_wconf 85' lang='lat' dir='ltr'><strong>turbare</strong></span> <span class='ocrx_word' id='word_1_282' title='bbox 455 2289 599 2321; x_wconf 90' lang='lat' dir='ltr'><strong>circulos</strong></span> <span class='ocrx_word' id='word_1_283' title='bbox 626 2298 732 2320; x_wconf 90' lang='lat' dir='ltr'><strong>meos.</strong></span> <span class='ocrx_word' id='word_1_284' title='bbox 766 2295 868 2327; x_wconf 88' lang='grc'>1921.</span> 
     </span>
    </p>

    <p class='ocr_par' dir='ltr' id='par_1_40' title="bbox 183 2323 1464 2424">
     <span class='ocr_line' id='line_1_46' title="bbox 183 2323 1464 2378; baseline -0.011 -8"><span class='ocrx_word' id='word_1_285' title='bbox 183 2337 277 2370; x_wconf 89' lang='lat' dir='ltr'><strong>Nolo</strong></span> <span class='ocrx_word' id='word_1_286' title='bbox 303 2342 446 2369; x_wconf 86' lang='lat' dir='ltr'><strong>mortem</strong></span> <span class='ocrx_word' id='word_1_287' title='bbox 475 2337 580 2378; x_wconf 85' lang='lat' dir='ltr'><strong>impii,</strong></span> <span class='ocrx_word' id='word_1_288' title='bbox 606 2337 665 2367; x_wconf 87' lang='lat' dir='ltr'><strong>sed</strong></span> <span class='ocrx_word' id='word_1_289' title='bbox 692 2340 729 2368; x_wconf 87' lang='lat' dir='ltr'><strong>ut</strong></span> <span class='ocrx_word' id='word_1_290' title='bbox 754 2338 972 2367; x_wconf 81' lang='lat' dir='ltr'><strong>convertatur</strong></span> <span class='ocrx_word' id='word_1_291' title='bbox 999 2331 1122 2374; x_wconf 86' lang='lat' dir='ltr'><strong>impius</strong></span> <span class='ocrx_word' id='word_1_292' title='bbox 1148 2341 1167 2361; x_wconf 84' lang='lat' dir='ltr'>a</span> <span class='ocrx_word' id='word_1_293' title='bbox 1195 2328 1247 2360; x_wconf 85' lang='lat' dir='ltr'><strong>via</strong></span> <span class='ocrx_word' id='word_1_294' title='bbox 1272 2337 1331 2359; x_wconf 81' lang='lat' dir='ltr'><strong>sua</strong></span> <span class='ocrx_word' id='word_1_295' title='bbox 1356 2329 1389 2357; x_wconf 77' lang='lat' dir='ltr'><strong>ct</strong></span> <span class='ocrx_word' id='word_1_296' title='bbox 1415 2323 1464 2356; x_wconf 89' lang='lat' dir='ltr'><strong>vi·</strong></span> 
     </span>
     <span class='ocr_line' id='line_1_47' title="bbox 232 2390 438 2424; baseline 0 -7"><span class='ocrx_word' id='word_1_297' title='bbox 232 2390 438 2424; x_wconf 69' lang='lat' dir='ltr'>vat-1077-</span> 
     </span>
    </p>

    <p class='ocr_par' dir='ltr' id='par_1_41' title="bbox 183 2425 1260 2473">
     <span class='ocr_line' id='line_1_48' title="bbox 183 2425 1260 2473; baseline -0.01 -8"><span class='ocrx_word' id='word_1_298' title='bbox 183 2433 334 2465; x_wconf 87' lang='lat' dir='ltr'><strong>Nomine</strong></span> <span class='ocrx_word' id='word_1_299' title='bbox 360 2433 388 2463; x_wconf 83' lang='grc' dir='ltr'>Ρ</span> <span class='ocrx_word' id='word_1_300' title='bbox 391 2432 459 2464; x_wconf 83' lang='lat' dir='ltr'><strong>olla</strong></span> <span class='ocrx_word' id='word_1_301' title='bbox 484 2442 588 2463; x_wconf 87' lang='lat' dir='ltr'><strong>vocor</strong></span> <span class='ocrx_word' id='word_1_302' title='bbox 613 2431 692 2473; x_wconf 81' lang='lat' dir='ltr'><strong>quia</strong></span> <span class='ocrx_word' id='word_1_303' title='bbox 719 2429 831 2472; x_wconf 85' lang='lat' dir='ltr'><strong>polleo</strong></span> <span class='ocrx_word' id='word_1_304' title='bbox 857 2428 1010 2460; x_wconf 79' lang='lat' dir='ltr'><strong>moribus</strong></span> <span class='ocrx_word' id='word_1_305' title='bbox 1038 2426 1125 2457; x_wconf 75' lang='lat' dir='ltr'><strong>altis.</strong></span> <span class='ocrx_word' id='word_1_306' title='bbox 1160 2425 1260 2464; x_wconf 77' lang='lat'>1659.</span> 
     </span>
    </p>
   </div>
   <div class='ocr_carea' id='block_1_3' title="bbox 1033 0 1578 82">
    <p class='ocr_par' dir='ltr' id='par_1_42' title="bbox 1033 0 1578 82">
     <span class='ocr_line' id='line_1_49' title="bbox 1033 0 1578 82; baseline 0 2556"><span class='ocrx_word' id='word_1_307' title='bbox 1033 0 1578 82; x_wconf 95' lang='lat' dir='ltr'><strong> </strong></span> 
     </span>
    </p>
   </div>
   <div class='ocr_carea' id='block_1_4' title="bbox 1528 727 1578 2243">
    <p class='ocr_par' dir='ltr' id='par_1_43' title="bbox 1528 727 1578 2243">
     <span class='ocr_line' id='line_1_50' title="bbox 1528 727 1578 2243; baseline 0 0"><span class='ocrx_word' id='word_1_308' title='bbox 1528 727 1578 2243; x_wconf 95' lang='lat' dir='ltr'><strong> </strong></span> 
     </span>
    </p>
   </div>
   <div class='ocr_carea' id='block_1_5' title="bbox 1558 2247 1578 2638">
    <p class='ocr_par' dir='ltr' id='par_1_44' title="bbox 1558 2247 1578 2638">
     <span class='ocr_line' id='line_1_51' title="bbox 1566 2247 1578 2265; baseline 0 -3"><span class='ocrx_word' id='word_1_309' title='bbox 1566 2247 1578 2265; x_wconf 58' lang='lat'>2</span> 
     </span>
     <span class='ocr_line' id='line_1_52' title="bbox 1558 2299 1578 2321; baseline 0 0"><span class='ocrx_word' id='word_1_310' title='bbox 1558 2299 1578 2321; x_wconf 65' lang='lat' dir='ltr'><strong>vd</strong></span> 
     </span>
     <span class='ocr_line' id='line_1_53' title="bbox 1567 2378 1578 2429; baseline 0 -18"><span class='ocrx_word' id='word_1_311' title='bbox 1567 2378 1578 2429; x_wconf 55' lang='lat'><strong>³.</strong></span> 
     </span>
     <span class='ocr_line' id='line_1_54' title="bbox 1558 2539 1578 2638; baseline 0 0"><span class='ocrx_word' id='word_1_312' title='bbox 1558 2539 1578 2638; x_wconf 70' lang='grc' dir='ltr'>Ξ</span> 
     </span>
    </p>
   </div>
  </div>
 </body>
</html>
