<?xml version="1.0" encoding="UTF-8"?>
<!DOCTYPE html PUBLIC "-//W3C//DTD XHTML 1.0 Transitional//EN"
    "http://www.w3.org/TR/xhtml1/DTD/xhtml1-transitional.dtd">
<html xmlns="http://www.w3.org/1999/xhtml" xml:lang="en" lang="en">
 <head>
  <title>
</title>
<meta http-equiv="Content-Type" content="text/html;charset=utf-8" />
  <meta name='ocr-system' content='tesseract 3.04.00' />
  <meta name='ocr-capabilities' content='ocr_page ocr_carea ocr_par ocr_line ocrx_word'/>
</head>
<body>
  <div class='ocr_page' id='page_1' title='image "./chilhadettotesor00fumauoft_0878.png"; bbox 0 0 1578 2638; ppageno 0'>
   <div class='ocr_carea' id='block_1_1' title="bbox 219 130 1040 177">
    <p class='ocr_par' dir='ltr' id='par_1_1' title="bbox 219 130 1040 177">
     <span class='ocr_line' id='line_1_1' title="bbox 219 130 1040 177; baseline 0.005 -15"><span class='ocrx_word' id='word_1_1' title='bbox 219 130 288 172; x_wconf 85' lang='lat'>846</span> <span class='ocrx_word' id='word_1_2' title='bbox 686 133 805 164; x_wconf 82' lang='lat' dir='ltr'>Indice</span> <span class='ocrx_word' id='word_1_3' title='bbox 829 134 919 166; x_wconf 83' lang='lat' dir='ltr'>delle</span> <span class='ocrx_word' id='word_1_4' title='bbox 933 134 1040 177; x_wconf 80' lang='lat' dir='ltr'><em>frast</em></span> 
     </span>
    </p>
   </div>
   <div class='ocr_carea' id='block_1_2' title="bbox 205 267 1502 2512">
    <p class='ocr_par' dir='ltr' id='par_1_2' title="bbox 215 267 631 309">
     <span class='ocr_line' id='line_1_2' title="bbox 215 267 631 309; baseline 0.005 -9"><span class='ocrx_word' id='word_1_5' title='bbox 215 269 259 300; x_wconf 91' lang='lat' dir='ltr'>In</span> <span class='ocrx_word' id='word_1_6' title='bbox 283 267 397 300; x_wconf 84' lang='lat' dir='ltr'>anima</span> <span class='ocrx_word' id='word_1_7' title='bbox 421 268 495 301; x_wconf 89' lang='lat' dir='ltr'>vili.</span> <span class='ocrx_word' id='word_1_8' title='bbox 528 269 631 309; x_wconf 86' lang='lat'>1988.</span> 
     </span>
    </p>

    <p class='ocr_par' dir='ltr' id='par_1_3' title="bbox 216 316 1502 405">
     <span class='ocr_line' id='line_1_3' title="bbox 216 316 1502 357; baseline 0.005 -10"><span class='ocrx_word' id='word_1_9' title='bbox 216 316 257 347; x_wconf 86' lang='lat' dir='ltr'>In</span> <span class='ocrx_word' id='word_1_10' title='bbox 282 316 572 357; x_wconf 80' lang='lat' dir='ltr'>aufgedrungener</span> <span class='ocrx_word' id='word_1_11' title='bbox 587 317 756 349; x_wconf 87' lang='lat' dir='ltr'>Notwehr</span> <span class='ocrx_word' id='word_1_12' title='bbox 772 319 833 350; x_wconf 87' lang='lat' dir='ltr'>mit</span> <span class='ocrx_word' id='word_1_13' title='bbox 852 319 976 350; x_wconf 84' lang='lat' dir='ltr'>reinem</span> <span class='ocrx_word' id='word_1_14' title='bbox 994 318 1167 351; x_wconf 88' lang='lat' dir='ltr'>Gewissen</span> <span class='ocrx_word' id='word_1_15' title='bbox 1183 319 1256 352; x_wconf 80' lang='lat' dir='ltr'>und</span> <span class='ocrx_word' id='word_1_16' title='bbox 1273 321 1380 352; x_wconf 86' lang='lat' dir='ltr'>reiner</span> <span class='ocrx_word' id='word_1_17' title='bbox 1397 320 1502 352; x_wconf 82' lang='lat' dir='ltr'>Hand</span> 
     </span>
     <span class='ocr_line' id='line_1_4' title="bbox 263 364 920 405; baseline 0.005 -10"><span class='ocrx_word' id='word_1_18' title='bbox 263 365 425 405; x_wconf 84' lang='lat' dir='ltr'>ergreifen</span> <span class='ocrx_word' id='word_1_19' title='bbox 451 366 511 396; x_wconf 80' lang='lat' dir='ltr'>wir</span> <span class='ocrx_word' id='word_1_20' title='bbox 536 364 596 396; x_wconf 92' lang='lat' dir='ltr'>das</span> <span class='ocrx_word' id='word_1_21' title='bbox 622 365 785 398; x_wconf 87' lang='lat' dir='ltr'>Schwert.</span> <span class='ocrx_word' id='word_1_22' title='bbox 818 365 920 398; x_wconf 89' lang='lat'>1882.</span> 
     </span>
    </p>

    <p class='ocr_par' dir='ltr' id='par_1_4' title="bbox 214 412 1239 457">
     <span class='ocr_line' id='line_1_5' title="bbox 214 412 1239 457; baseline 0.004 -14"><span class='ocrx_word' id='word_1_23' title='bbox 214 412 350 444; x_wconf 86' lang='lat' dir='ltr'>Incedis</span> <span class='ocrx_word' id='word_1_24' title='bbox 375 422 435 454; x_wconf 87' lang='lat' dir='ltr'>per</span> <span class='ocrx_word' id='word_1_25' title='bbox 460 413 556 454; x_wconf 87' lang='lat' dir='ltr'>ignes</span> <span class='ocrx_word' id='word_1_26' title='bbox 578 414 584 455; x_wconf 86' lang='grc' dir='ltr'>Ι</span> <span class='ocrx_word' id='word_1_27' title='bbox 605 413 813 456; x_wconf 85' lang='lat' dir='ltr'>Suppositos</span> <span class='ocrx_word' id='word_1_28' title='bbox 838 414 943 447; x_wconf 84' lang='lat' dir='ltr'>cineri</span> <span class='ocrx_word' id='word_1_29' title='bbox 967 414 1103 447; x_wconf 86' lang='lat' dir='ltr'>doloso.</span> <span class='ocrx_word' id='word_1_30' title='bbox 1135 422 1239 457; x_wconf 85' lang='lat'>1334</span> 
     </span>
    </p>

    <p class='ocr_par' dir='ltr' id='par_1_5' title="bbox 213 459 1282 509">
     <span class='ocr_line' id='line_1_6' title="bbox 213 459 1282 509; baseline 0.004 -18"><span class='ocrx_word' id='word_1_31' title='bbox 213 459 343 492; x_wconf 89' lang='lat' dir='ltr'>Incidis</span> <span class='ocrx_word' id='word_1_32' title='bbox 369 459 405 491; x_wconf 92' lang='lat' dir='ltr'>in</span> <span class='ocrx_word' id='word_1_33' title='bbox 430 460 591 502; x_wconf 88' lang='lat' dir='ltr'><strong>Scyllam,</strong></span> <span class='ocrx_word' id='word_1_34' title='bbox 620 461 761 504; x_wconf 87' lang='lat' dir='ltr'>cupiens</span> <span class='ocrx_word' id='word_1_35' title='bbox 787 461 896 494; x_wconf 80' lang='lat' dir='ltr'>vitare</span> <span class='ocrx_word' id='word_1_36' title='bbox 921 461 1146 509; x_wconf 82' lang='lat' dir='ltr'>Charybdim.</span> <span class='ocrx_word' id='word_1_37' title='bbox 1179 462 1282 503; x_wconf 88' lang='lat'>1987.</span> 
     </span>
    </p>

    <p class='ocr_par' dir='ltr' id='par_1_6' title="bbox 214 507 726 551">
     <span class='ocr_line' id='line_1_7' title="bbox 214 507 726 551; baseline 0.004 -12"><span class='ocrx_word' id='word_1_38' title='bbox 214 507 341 550; x_wconf 89' lang='lat' dir='ltr'><strong>Incipit</strong></span> <span class='ocrx_word' id='word_1_39' title='bbox 366 507 448 540; x_wconf 87' lang='lat' dir='ltr'>Vita</span> <span class='ocrx_word' id='word_1_40' title='bbox 472 508 590 541; x_wconf 91' lang='lat' dir='ltr'>Nova.</span> <span class='ocrx_word' id='word_1_41' title='bbox 623 509 726 551; x_wconf 82' lang='lat'>1958.</span> 
     </span>
    </p>

    <p class='ocr_par' dir='ltr' id='par_1_7' title="bbox 213 556 658 597">
     <span class='ocr_line' id='line_1_8' title="bbox 213 556 658 597; baseline 0.007 -10"><span class='ocrx_word' id='word_1_42' title='bbox 213 556 257 588; x_wconf 87' lang='lat' dir='ltr'>In</span> <span class='ocrx_word' id='word_1_43' title='bbox 281 565 424 597; x_wconf 86' lang='lat' dir='ltr'>corpore</span> <span class='ocrx_word' id='word_1_44' title='bbox 448 556 522 588; x_wconf 85' lang='lat' dir='ltr'>vili.</span> <span class='ocrx_word' id='word_1_45' title='bbox 554 557 658 597; x_wconf 89' lang='lat'>1988.</span> 
     </span>
    </p>

    <p class='ocr_par' dir='ltr' id='par_1_8' title="bbox 214 603 600 646">
     <span class='ocr_line' id='line_1_9' title="bbox 214 603 600 646; baseline 0.008 -12"><span class='ocrx_word' id='word_1_46' title='bbox 214 603 462 643; x_wconf 72' lang='lat' dir='ltr'>Indeficienter.</span> <span class='ocrx_word' id='word_1_47' title='bbox 495 603 600 646; x_wconf 88' lang='lat'>1833.</span> 
     </span>
    </p>

    <p class='ocr_par' dir='ltr' id='par_1_9' title="bbox 214 652 998 694">
     <span class='ocr_line' id='line_1_10' title="bbox 214 652 998 694; baseline 0.004 -12"><span class='ocrx_word' id='word_1_48' title='bbox 214 652 255 683; x_wconf 92' lang='lat' dir='ltr'>In</span> <span class='ocrx_word' id='word_1_49' title='bbox 280 652 413 683; x_wconf 88' lang='lat' dir='ltr'>deinem</span> <span class='ocrx_word' id='word_1_50' title='bbox 438 653 548 693; x_wconf 89' lang='lat' dir='ltr'>Lager</span> <span class='ocrx_word' id='word_1_51' title='bbox 571 653 615 684; x_wconf 90' lang='lat' dir='ltr'>ist</span> <span class='ocrx_word' id='word_1_52' title='bbox 639 652 863 685; x_wconf 88' lang='lat' dir='ltr'>Oesterreich.</span> <span class='ocrx_word' id='word_1_53' title='bbox 895 661 998 694; x_wconf 88' lang='lat'>1901.</span> 
     </span>
    </p>

    <p class='ocr_par' dir='ltr' id='par_1_10' title="bbox 214 699 754 743">
     <span class='ocr_line' id='line_1_11' title="bbox 214 699 754 743; baseline 0.004 -12"><span class='ocrx_word' id='word_1_54' title='bbox 214 700 301 731; x_wconf 90' lang='lat' dir='ltr'>Inde</span> <span class='ocrx_word' id='word_1_55' title='bbox 326 699 386 732; x_wconf 85' lang='lat' dir='ltr'>irae</span> <span class='ocrx_word' id='word_1_56' title='bbox 411 703 446 732; x_wconf 89' lang='lat' dir='ltr'>et</span> <span class='ocrx_word' id='word_1_57' title='bbox 470 700 642 743; x_wconf 81' lang='lat' dir='ltr'>lacrymae.</span> <span class='ocrx_word' id='word_1_58' title='bbox 673 701 754 741; x_wconf 89' lang='lat'>769.</span> 
     </span>
    </p>

    <p class='ocr_par' dir='ltr' id='par_1_11' title="bbox 213 747 1070 791">
     <span class='ocr_line' id='line_1_12' title="bbox 213 747 1070 791; baseline 0.004 -12"><span class='ocrx_word' id='word_1_59' title='bbox 213 747 458 790; x_wconf 89' lang='lat' dir='ltr'>Indipendenti</span> <span class='ocrx_word' id='word_1_60' title='bbox 483 758 628 791; x_wconf 87' lang='lat' dir='ltr'>sempre,</span> <span class='ocrx_word' id='word_1_61' title='bbox 658 759 714 780; x_wconf 91' lang='lat' dir='ltr'>ma</span> <span class='ocrx_word' id='word_1_62' title='bbox 737 749 852 781; x_wconf 87' lang='lat' dir='ltr'>isolati</span> <span class='ocrx_word' id='word_1_63' title='bbox 877 749 957 782; x_wconf 88' lang='lat' dir='ltr'>mai.</span> <span class='ocrx_word' id='word_1_64' title='bbox 987 749 1070 790; x_wconf 87' lang='lat'>679.</span> 
     </span>
    </p>

    <p class='ocr_par' dir='ltr' id='par_1_12' title="bbox 213 795 1500 886">
     <span class='ocr_line' id='line_1_13' title="bbox 213 795 1500 842; baseline 0.002 -16"><span class='ocrx_word' id='word_1_65' title='bbox 213 795 349 827; x_wconf 87' lang='lat' dir='ltr'>Indizio</span> <span class='ocrx_word' id='word_1_66' title='bbox 362 796 381 827; x_wconf 82' lang='grc' dir='ltr'>ὲ</span> <span class='ocrx_word' id='word_1_67' title='bbox 398 805 445 827; x_wconf 87' lang='lat' dir='ltr'>un</span> <span class='ocrx_word' id='word_1_68' title='bbox 463 806 548 828; x_wconf 90' lang='lat' dir='ltr'>naso</span> <span class='ocrx_word' id='word_1_69' title='bbox 566 797 738 829; x_wconf 78' lang='lat' dir='ltr'>maestoso</span> <span class='ocrx_word' id='word_1_70' title='bbox 751 807 769 829; x_wconf 90' lang='lat' dir='ltr'>e</span> <span class='ocrx_word' id='word_1_71' title='bbox 782 797 874 829; x_wconf 86' lang='lat' dir='ltr'>bello</span> <span class='ocrx_word' id='word_1_72' title='bbox 896 795 901 842; x_wconf 86' lang='grc' dir='ltr'>Ι</span> <span class='ocrx_word' id='word_1_73' title='bbox 923 797 969 829; x_wconf 92' lang='lat' dir='ltr'>Di</span> <span class='ocrx_word' id='word_1_74' title='bbox 988 807 1132 838; x_wconf 70' lang='lat' dir='ltr'>gram...</span> <span class='ocrx_word' id='word_1_75' title='bbox 1151 807 1170 829; x_wconf 88' lang='lat' dir='ltr'>e</span> <span class='ocrx_word' id='word_1_76' title='bbox 1182 796 1218 828; x_wconf 88' lang='lat' dir='ltr'>di</span> <span class='ocrx_word' id='word_1_77' title='bbox 1235 806 1320 838; x_wconf 79' lang='lat' dir='ltr'>gran</span> <span class='ocrx_word' id='word_1_78' title='bbox 1332 795 1417 830; x_wconf 88' lang='lat' dir='ltr'>che?</span> <span class='ocrx_word' id='word_1_79' title='bbox 1430 814 1451 822; x_wconf 92' lang='lat'>·-</span> <span class='ocrx_word' id='word_1_80' title='bbox 1464 796 1500 828; x_wconf 89' lang='lat' dir='ltr'>di</span> 
     </span>
     <span class='ocr_line' id='line_1_14' title="bbox 261 843 640 886; baseline 0.008 -11"><span class='ocrx_word' id='word_1_81' title='bbox 261 854 344 884; x_wconf 89' lang='lat' dir='ltr'>gran</span> <span class='ocrx_word' id='word_1_82' title='bbox 369 843 529 877; x_wconf 87' lang='lat' dir='ltr'>cervello.</span> <span class='ocrx_word' id='word_1_83' title='bbox 562 846 640 886; x_wconf 86' lang='lat'>148.</span> 
     </span>
    </p>

    <p class='ocr_par' dir='ltr' id='par_1_13' title="bbox 212 891 1204 935">
     <span class='ocr_line' id='line_1_15' title="bbox 212 891 1204 935; baseline 0.002 -12"><span class='ocrx_word' id='word_1_84' title='bbox 212 891 350 923; x_wconf 85' lang='lat' dir='ltr'>Indocti</span> <span class='ocrx_word' id='word_1_85' title='bbox 374 891 508 924; x_wconf 87' lang='lat' dir='ltr'>discant</span> <span class='ocrx_word' id='word_1_86' title='bbox 533 896 567 923; x_wconf 86' lang='lat' dir='ltr'>et</span> <span class='ocrx_word' id='word_1_87' title='bbox 594 896 710 924; x_wconf 89' lang='lat' dir='ltr'>ament</span> <span class='ocrx_word' id='word_1_88' title='bbox 735 892 929 924; x_wconf 85' lang='lat' dir='ltr'>meminisse</span> <span class='ocrx_word' id='word_1_89' title='bbox 954 892 1068 935; x_wconf 86' lang='lat' dir='ltr'>periti.</span> <span class='ocrx_word' id='word_1_90' title='bbox 1102 900 1204 934; x_wconf 88' lang='lat'>1543.</span> 
     </span>
    </p>

    <p class='ocr_par' dir='ltr' id='par_1_14' title="bbox 212 939 1212 982">
     <span class='ocr_line' id='line_1_16' title="bbox 212 939 1212 982; baseline 0.002 -12"><span class='ocrx_word' id='word_1_91' title='bbox 212 939 408 978; x_wconf 78' lang='lat' dir='ltr'>Infandum,</span> <span class='ocrx_word' id='word_1_92' title='bbox 438 939 567 980; x_wconf 86' lang='lat' dir='ltr'>regina,</span> <span class='ocrx_word' id='word_1_93' title='bbox 594 940 692 971; x_wconf 91' lang='lat' dir='ltr'>iubes</span> <span class='ocrx_word' id='word_1_94' title='bbox 718 951 883 972; x_wconf 83' lang='lat' dir='ltr'>renovare</span> <span class='ocrx_word' id='word_1_95' title='bbox 908 940 1075 973; x_wconf 84' lang='lat' dir='ltr'>dolorem.</span> <span class='ocrx_word' id='word_1_96' title='bbox 1108 941 1212 982; x_wconf 85' lang='lat'>1264.</span> 
     </span>
    </p>

    <p class='ocr_par' dir='ltr' id='par_1_15' title="bbox 212 987 1020 1021">
     <span class='ocr_line' id='line_1_17' title="bbox 212 987 1020 1021; baseline 0.001 -2"><span class='ocrx_word' id='word_1_97' title='bbox 212 987 352 1019; x_wconf 82' lang='lat' dir='ltr'>Infelice</span> <span class='ocrx_word' id='word_1_98' title='bbox 378 997 406 1019; x_wconf 76' lang='lat'>⁵1</span> <span class='ocrx_word' id='word_1_99' title='bbox 429 998 486 1019; x_wconf 86' lang='lat' dir='ltr'>ma</span> <span class='ocrx_word' id='word_1_100' title='bbox 511 993 704 1020; x_wconf 87' lang='lat' dir='ltr'>sventurata</span> <span class='ocrx_word' id='word_1_101' title='bbox 729 988 884 1020; x_wconf 88' lang='lat' dir='ltr'>Polonia.</span> <span class='ocrx_word' id='word_1_102' title='bbox 914 997 1020 1021; x_wconf 93' lang='grc'><strong>2222.</strong></span> 
     </span>
    </p>

    <p class='ocr_par' dir='ltr' id='par_1_16' title="bbox 212 1035 1044 1078">
     <span class='ocr_line' id='line_1_18' title="bbox 212 1035 1044 1078; baseline 0.002 -11"><span class='ocrx_word' id='word_1_103' title='bbox 212 1035 355 1067; x_wconf 87' lang='lat' dir='ltr'>Infinita</span> <span class='ocrx_word' id='word_1_104' title='bbox 379 1036 398 1067; x_wconf 80' lang='grc' dir='ltr'>ὲ</span> <span class='ocrx_word' id='word_1_105' title='bbox 423 1035 455 1067; x_wconf 91' lang='lat' dir='ltr'>la</span> <span class='ocrx_word' id='word_1_106' title='bbox 480 1035 611 1068; x_wconf 86' lang='lat' dir='ltr'>schiera</span> <span class='ocrx_word' id='word_1_107' title='bbox 635 1035 727 1077; x_wconf 88' lang='lat' dir='ltr'>degli</span> <span class='ocrx_word' id='word_1_108' title='bbox 751 1036 908 1069; x_wconf 87' lang='lat' dir='ltr'>sciocchi.</span> <span class='ocrx_word' id='word_1_109' title='bbox 942 1037 1044 1078; x_wconf 84' lang='lat'>1548.</span> 
     </span>
    </p>

    <p class='ocr_par' dir='ltr' id='par_1_17' title="bbox 211 1083 1187 1139">
     <span class='ocr_line' id='line_1_19' title="bbox 211 1083 1187 1139; baseline 0.001 -25"><span class='ocrx_word' id='word_1_110' title='bbox 211 1083 350 1124; x_wconf 84' lang='lat' dir='ltr'>Ingrata</span> <span class='ocrx_word' id='word_1_111' title='bbox 373 1083 496 1126; x_wconf 86' lang='lat' dir='ltr'>patria,</span> <span class='ocrx_word' id='word_1_112' title='bbox 522 1093 566 1115; x_wconf 92' lang='lat' dir='ltr'>ne</span> <span class='ocrx_word' id='word_1_113' title='bbox 590 1094 669 1116; x_wconf 88' lang='lat' dir='ltr'>ossa</span> <span class='ocrx_word' id='word_1_114' title='bbox 693 1084 832 1139; x_wconf 80' lang='lat' dir='ltr'>quidem</span> <span class='ocrx_word' id='word_1_115' title='bbox 858 1095 933 1116; x_wconf 87' lang='lat' dir='ltr'>mea</span> <span class='ocrx_word' id='word_1_116' title='bbox 957 1084 1077 1117; x_wconf 87' lang='lat' dir='ltr'>habes.</span> <span class='ocrx_word' id='word_1_117' title='bbox 1105 1083 1187 1118; x_wconf 89' lang='grc'><strong>688.</strong></span> 
     </span>
    </p>

    <p class='ocr_par' dir='ltr' id='par_1_18' title="bbox 211 1131 1076 1172">
     <span class='ocr_line' id='line_1_20' title="bbox 211 1131 1076 1172; baseline 0.001 -9"><span class='ocrx_word' id='word_1_118' title='bbox 211 1131 372 1172; x_wconf 85' lang='lat' dir='ltr'><strong>Ingratus</strong></span> <span class='ocrx_word' id='word_1_119' title='bbox 397 1141 487 1163; x_wconf 86' lang='lat' dir='ltr'>unus</span> <span class='ocrx_word' id='word_1_120' title='bbox 512 1132 674 1163; x_wconf 88' lang='lat' dir='ltr'>omnibus</span> <span class='ocrx_word' id='word_1_121' title='bbox 700 1132 833 1164; x_wconf 86' lang='lat' dir='ltr'>miseris</span> <span class='ocrx_word' id='word_1_122' title='bbox 858 1136 970 1165; x_wconf 87' lang='lat' dir='ltr'>nocet.</span> <span class='ocrx_word' id='word_1_123' title='bbox 994 1131 1076 1172; x_wconf 83' lang='lat'>691.</span> 
     </span>
    </p>

    <p class='ocr_par' dir='ltr' id='par_1_19' title="bbox 211 1178 735 1220">
     <span class='ocr_line' id='line_1_21' title="bbox 211 1178 735 1220; baseline 0.004 -10"><span class='ocrx_word' id='word_1_124' title='bbox 211 1180 254 1211; x_wconf 90' lang='lat' dir='ltr'>In</span> <span class='ocrx_word' id='word_1_125' title='bbox 278 1178 345 1211; x_wconf 90' lang='lat' dir='ltr'>hoc</span> <span class='ocrx_word' id='word_1_126' title='bbox 370 1179 468 1220; x_wconf 86' lang='lat' dir='ltr'>signo</span> <span class='ocrx_word' id='word_1_127' title='bbox 494 1180 622 1211; x_wconf 89' lang='lat' dir='ltr'>vinces.</span> <span class='ocrx_word' id='word_1_128' title='bbox 655 1186 735 1219; x_wconf 90' lang='lat'>702.</span> 
     </span>
    </p>

    <p class='ocr_par' dir='ltr' id='par_1_20' title="bbox 212 1226 935 1269">
     <span class='ocr_line' id='line_1_22' title="bbox 212 1226 935 1269; baseline 0.003 -11"><span class='ocrx_word' id='word_1_129' title='bbox 212 1227 345 1258; x_wconf 90' lang='lat' dir='ltr'>Inimici</span> <span class='ocrx_word' id='word_1_130' title='bbox 368 1226 514 1259; x_wconf 79' lang='lat' dir='ltr'>hominis</span> <span class='ocrx_word' id='word_1_131' title='bbox 539 1227 714 1259; x_wconf 88' lang='lat' dir='ltr'>domestici</span> <span class='ocrx_word' id='word_1_132' title='bbox 739 1229 824 1260; x_wconf 91' lang='lat' dir='ltr'>eius.</span> <span class='ocrx_word' id='word_1_133' title='bbox 853 1227 935 1269; x_wconf 87' lang='lat'>462.</span> 
     </span>
    </p>

    <p class='ocr_par' dir='ltr' id='par_1_21' title="bbox 211 1274 1102 1318">
     <span class='ocr_line' id='line_1_23' title="bbox 211 1274 1102 1318; baseline 0.002 -12"><span class='ocrx_word' id='word_1_134' title='bbox 211 1274 432 1317; x_wconf 82' lang='lat' dir='ltr'>Iniquissima</span> <span class='ocrx_word' id='word_1_135' title='bbox 457 1275 531 1307; x_wconf 90' lang='lat' dir='ltr'>haec</span> <span class='ocrx_word' id='word_1_136' title='bbox 556 1275 724 1307; x_wconf 90' lang='lat' dir='ltr'>bellorum</span> <span class='ocrx_word' id='word_1_137' title='bbox 750 1275 902 1307; x_wconf 85' lang='lat' dir='ltr'>conditio</span> <span class='ocrx_word' id='word_1_138' title='bbox 926 1279 990 1308; x_wconf 85' lang='lat' dir='ltr'>est.</span> <span class='ocrx_word' id='word_1_139' title='bbox 1022 1281 1102 1318; x_wconf 84' lang='lat'>705.</span> 
     </span>
    </p>

    <p class='ocr_par' dir='ltr' id='par_1_22' title="bbox 210 1322 1263 1365">
     <span class='ocr_line' id='line_1_24' title="bbox 210 1322 1263 1365; baseline 0.002 -11"><span class='ocrx_word' id='word_1_140' title='bbox 210 1323 253 1355; x_wconf 90' lang='lat' dir='ltr'>In</span> <span class='ocrx_word' id='word_1_141' title='bbox 278 1322 378 1354; x_wconf 83' lang='lat' dir='ltr'>Italia</span> <span class='ocrx_word' id='word_1_142' title='bbox 402 1323 427 1354; x_wconf 94' lang='lat' dir='ltr'>il</span> <span class='ocrx_word' id='word_1_143' title='bbox 451 1327 568 1365; x_wconf 86' lang='lat' dir='ltr'>potere</span> <span class='ocrx_word' id='word_1_144' title='bbox 593 1333 664 1355; x_wconf 89' lang='lat' dir='ltr'>non</span> <span class='ocrx_word' id='word_1_145' title='bbox 689 1323 733 1355; x_wconf 93' lang='lat' dir='ltr'>ha</span> <span class='ocrx_word' id='word_1_146' title='bbox 759 1323 940 1356; x_wconf 82' lang='lat' dir='ltr'>arricchito</span> <span class='ocrx_word' id='word_1_147' title='bbox 964 1333 1128 1356; x_wconf 83' lang='lat' dir='ltr'>nessuno.</span> <span class='ocrx_word' id='word_1_148' title='bbox 1162 1323 1263 1364; x_wconf 86' lang='lat'>1316.</span> 
     </span>
    </p>

    <p class='ocr_par' dir='ltr' id='par_1_23' title="bbox 210 1370 1006 1413">
     <span class='ocr_line' id='line_1_25' title="bbox 210 1370 1006 1413; baseline 0.003 -11"><span class='ocrx_word' id='word_1_149' title='bbox 210 1370 351 1403; x_wconf 78' lang='lat' dir='ltr'>Initium</span> <span class='ocrx_word' id='word_1_150' title='bbox 379 1371 570 1412; x_wconf 76' lang='lat' dir='ltr'>sapientiae,</span> <span class='ocrx_word' id='word_1_151' title='bbox 599 1371 701 1403; x_wconf 83' lang='lat' dir='ltr'>timor</span> <span class='ocrx_word' id='word_1_152' title='bbox 727 1371 870 1404; x_wconf 89' lang='lat' dir='ltr'>domini.</span> <span class='ocrx_word' id='word_1_153' title='bbox 903 1379 1006 1413; x_wconf 86' lang='lat'>1519.</span> 
     </span>
    </p>

    <p class='ocr_par' dir='ltr' id='par_1_24' title="bbox 211 1418 1494 1506">
     <span class='ocr_line' id='line_1_26' title="bbox 211 1418 1494 1462; baseline 0 -12"><span class='ocrx_word' id='word_1_154' title='bbox 211 1419 252 1450; x_wconf 93' lang='lat' dir='ltr'>In</span> <span class='ocrx_word' id='word_1_155' title='bbox 278 1418 376 1450; x_wconf 89' lang='lat' dir='ltr'>Libia</span> <span class='ocrx_word' id='word_1_156' title='bbox 401 1420 428 1451; x_wconf 88' lang='lat' dir='ltr'>si</span> <span class='ocrx_word' id='word_1_157' title='bbox 454 1430 508 1451; x_wconf 82' lang='lat' dir='ltr'>era</span> <span class='ocrx_word' id='word_1_158' title='bbox 533 1420 624 1451; x_wconf 86' lang='lat' dir='ltr'>vinto</span> <span class='ocrx_word' id='word_1_159' title='bbox 651 1419 798 1452; x_wconf 84' lang='lat' dir='ltr'>soltanto</span> <span class='ocrx_word' id='word_1_160' title='bbox 824 1420 961 1462; x_wconf 88' lang='lat' dir='ltr'>quando</span> <span class='ocrx_word' id='word_1_161' title='bbox 987 1429 1142 1451; x_wconf 89' lang='lat' dir='ltr'>eravamo</span> <span class='ocrx_word' id='word_1_162' title='bbox 1167 1419 1251 1451; x_wconf 86' lang='lat' dir='ltr'>dieci</span> <span class='ocrx_word' id='word_1_163' title='bbox 1277 1423 1394 1451; x_wconf 90' lang='lat' dir='ltr'>contro</span> <span class='ocrx_word' id='word_1_164' title='bbox 1412 1428 1494 1451; x_wconf 88' lang='lat' dir='ltr'>uno.</span> 
     </span>
     <span class='ocr_line' id='line_1_27' title="bbox 264 1466 1139 1506; baseline 0.001 -8"><span class='ocrx_word' id='word_1_165' title='bbox 264 1466 367 1506; x_wconf 88' lang='lat'>1870.</span> <span class='ocrx_word' id='word_1_166' title='bbox 1136 1482 1139 1483; x_wconf 40' lang='lat'><em>⁷</em></span> 
     </span>
    </p>

    <p class='ocr_par' dir='ltr' id='par_1_25' title="bbox 209 1514 947 1557">
     <span class='ocr_line' id='line_1_28' title="bbox 209 1514 947 1557; baseline 0.001 -11"><span class='ocrx_word' id='word_1_167' title='bbox 209 1515 252 1546; x_wconf 93' lang='lat' dir='ltr'>In</span> <span class='ocrx_word' id='word_1_168' title='bbox 277 1514 409 1555; x_wconf 88' lang='lat' dir='ltr'>magnis</span> <span class='ocrx_word' id='word_1_169' title='bbox 435 1518 468 1546; x_wconf 87' lang='lat' dir='ltr'>et</span> <span class='ocrx_word' id='word_1_170' title='bbox 494 1514 645 1547; x_wconf 87' lang='lat' dir='ltr'>voluisse</span> <span class='ocrx_word' id='word_1_171' title='bbox 670 1518 722 1547; x_wconf 86' lang='lat' dir='ltr'>sat</span> <span class='ocrx_word' id='word_1_172' title='bbox 747 1519 811 1548; x_wconf 87' lang='lat' dir='ltr'>est.</span> <span class='ocrx_word' id='word_1_173' title='bbox 845 1523 947 1557; x_wconf 88' lang='lat'>1193.</span> 
     </span>
    </p>

    <p class='ocr_par' dir='ltr' id='par_1_26' title="bbox 210 1562 760 1605">
     <span class='ocr_line' id='line_1_29' title="bbox 210 1562 760 1605; baseline 0.002 -11"><span class='ocrx_word' id='word_1_174' title='bbox 210 1563 251 1594; x_wconf 90' lang='lat' dir='ltr'>In</span> <span class='ocrx_word' id='word_1_175' title='bbox 277 1562 390 1594; x_wconf 88' lang='lat' dir='ltr'>medio</span> <span class='ocrx_word' id='word_1_176' title='bbox 416 1567 482 1594; x_wconf 87' lang='lat' dir='ltr'>stat</span> <span class='ocrx_word' id='word_1_177' title='bbox 507 1564 624 1595; x_wconf 86' lang='lat' dir='ltr'>virtus.</span> <span class='ocrx_word' id='word_1_178' title='bbox 657 1570 760 1605; x_wconf 88' lang='lat'>1713.</span> 
     </span>
    </p>

    <p class='ocr_par' dir='ltr' id='par_1_27' title="bbox 210 1610 1076 1653">
     <span class='ocr_line' id='line_1_30' title="bbox 210 1610 1076 1653; baseline 0.001 -12"><span class='ocrx_word' id='word_1_179' title='bbox 210 1610 252 1642; x_wconf 89' lang='lat' dir='ltr'>In</span> <span class='ocrx_word' id='word_1_180' title='bbox 277 1610 496 1652; x_wconf 89' lang='lat' dir='ltr'>multiloquio</span> <span class='ocrx_word' id='word_1_181' title='bbox 520 1620 591 1643; x_wconf 89' lang='lat' dir='ltr'>non</span> <span class='ocrx_word' id='word_1_182' title='bbox 617 1611 725 1643; x_wconf 85' lang='lat' dir='ltr'>deerit</span> <span class='ocrx_word' id='word_1_183' title='bbox 750 1615 938 1653; x_wconf 88' lang='lat' dir='ltr'>peccatum.</span> <span class='ocrx_word' id='word_1_184' title='bbox 972 1619 1076 1643; x_wconf 85' lang='lat'>1112.</span> 
     </span>
    </p>

    <p class='ocr_par' dir='ltr' id='par_1_28' title="bbox 210 1658 1147 1702">
     <span class='ocr_line' id='line_1_31' title="bbox 210 1658 1147 1702; baseline 0.001 -12"><span class='ocrx_word' id='word_1_185' title='bbox 210 1658 355 1690; x_wconf 89' lang='lat' dir='ltr'>Innanzi</span> <span class='ocrx_word' id='word_1_186' title='bbox 380 1658 442 1690; x_wconf 88' lang='lat' dir='ltr'>che</span> <span class='ocrx_word' id='word_1_187' title='bbox 468 1658 619 1690; x_wconf 90' lang='lat' dir='ltr'>lasciassi</span> <span class='ocrx_word' id='word_1_188' title='bbox 645 1659 667 1691; x_wconf 80' lang='lat' dir='ltr'>il</span> <span class='ocrx_word' id='word_1_189' title='bbox 694 1669 809 1702; x_wconf 86' lang='lat' dir='ltr'>pappo</span> <span class='ocrx_word' id='word_1_190' title='bbox 834 1669 852 1691; x_wconf 93' lang='lat' dir='ltr'>e</span> <span class='ocrx_word' id='word_1_191' title='bbox 878 1658 902 1690; x_wconf 91' lang='lat' dir='ltr'>il</span> <span class='ocrx_word' id='word_1_192' title='bbox 927 1658 1037 1691; x_wconf 87' lang='lat' dir='ltr'>dindi.</span> <span class='ocrx_word' id='word_1_193' title='bbox 1067 1665 1147 1699; x_wconf 90' lang='grc'><strong>571.</strong></span> 
     </span>
    </p>

    <p class='ocr_par' dir='ltr' id='par_1_29' title="bbox 210 1703 1493 1746">
     <span class='ocr_line' id='line_1_32' title="bbox 210 1703 1493 1746; baseline 0 -9"><span class='ocrx_word' id='word_1_194' title='bbox 210 1706 253 1737; x_wconf 90' lang='lat' dir='ltr'>In</span> <span class='ocrx_word' id='word_1_195' title='bbox 278 1706 478 1738; x_wconf 88' lang='lat' dir='ltr'>necessariis</span> <span class='ocrx_word' id='word_1_196' title='bbox 502 1707 625 1746; x_wconf 88' lang='lat' dir='ltr'>unitas,</span> <span class='ocrx_word' id='word_1_197' title='bbox 647 1707 682 1738; x_wconf 90' lang='lat' dir='ltr'>in</span> <span class='ocrx_word' id='word_1_198' title='bbox 700 1707 815 1739; x_wconf 90' lang='lat' dir='ltr'>dubiis</span> <span class='ocrx_word' id='word_1_199' title='bbox 835 1706 985 1745; x_wconf 84' lang='lat' dir='ltr'>libertas,</span> <span class='ocrx_word' id='word_1_200' title='bbox 1003 1706 1039 1738; x_wconf 88' lang='lat' dir='ltr'>in</span> <span class='ocrx_word' id='word_1_201' title='bbox 1057 1706 1217 1738; x_wconf 90' lang='lat' dir='ltr'>omnibus</span> <span class='ocrx_word' id='word_1_202' title='bbox 1237 1705 1397 1738; x_wconf 76' lang='lat' dir='ltr'>charitas.</span> <span class='ocrx_word' id='word_1_203' title='bbox 1414 1703 1493 1745; x_wconf 89' lang='lat'>798.</span> 
     </span>
    </p>

    <p class='ocr_par' dir='ltr' id='par_1_30' title="bbox 210 1754 1054 1794">
     <span class='ocr_line' id='line_1_33' title="bbox 210 1754 1054 1794; baseline 0.002 -9"><span class='ocrx_word' id='word_1_204' title='bbox 210 1754 391 1786; x_wconf 87' lang='lat' dir='ltr'>Innocenti</span> <span class='ocrx_word' id='word_1_205' title='bbox 417 1754 440 1785; x_wconf 88' lang='lat' dir='ltr'>li</span> <span class='ocrx_word' id='word_1_206' title='bbox 465 1754 615 1794; x_wconf 86' lang='lat' dir='ltr'>assolvo,</span> <span class='ocrx_word' id='word_1_207' title='bbox 645 1765 663 1787; x_wconf 90' lang='lat' dir='ltr'>e</span> <span class='ocrx_word' id='word_1_208' title='bbox 689 1755 737 1787; x_wconf 87' lang='lat' dir='ltr'>rei</span> <span class='ocrx_word' id='word_1_209' title='bbox 763 1755 787 1786; x_wconf 84' lang='lat' dir='ltr'>li</span> <span class='ocrx_word' id='word_1_210' title='bbox 812 1754 918 1786; x_wconf 90' lang='lat' dir='ltr'>dono.</span> <span class='ocrx_word' id='word_1_211' title='bbox 952 1754 1054 1794; x_wconf 83' lang='lat'>1961.</span> 
     </span>
    </p>

    <p class='ocr_par' dir='ltr' id='par_1_31' title="bbox 208 1800 1494 1892">
     <span class='ocr_line' id='line_1_34' title="bbox 208 1800 1494 1844; baseline -0.002 -10"><span class='ocrx_word' id='word_1_212' title='bbox 208 1803 250 1834; x_wconf 90' lang='lat' dir='ltr'>In</span> <span class='ocrx_word' id='word_1_213' title='bbox 275 1802 436 1834; x_wconf 84' lang='lat' dir='ltr'>omnibus</span> <span class='ocrx_word' id='word_1_214' title='bbox 456 1802 618 1844; x_wconf 85' lang='lat' dir='ltr'>operibus</span> <span class='ocrx_word' id='word_1_215' title='bbox 645 1803 712 1835; x_wconf 87' lang='lat' dir='ltr'>tuis</span> <span class='ocrx_word' id='word_1_216' title='bbox 738 1812 926 1835; x_wconf 85' lang='lat' dir='ltr'>memorare</span> <span class='ocrx_word' id='word_1_217' title='bbox 950 1802 1138 1834; x_wconf 79' lang='lat' dir='ltr'>novissima</span> <span class='ocrx_word' id='word_1_218' title='bbox 1163 1805 1233 1841; x_wconf 86' lang='lat' dir='ltr'>tua,</span> <span class='ocrx_word' id='word_1_219' title='bbox 1262 1804 1295 1833; x_wconf 88' lang='lat' dir='ltr'>et</span> <span class='ocrx_word' id='word_1_220' title='bbox 1328 1800 1363 1832; x_wconf 88' lang='lat' dir='ltr'>in</span> <span class='ocrx_word' id='word_1_221' title='bbox 1397 1803 1494 1832; x_wconf 79' lang='lat' dir='ltr'>aeter·</span> 
     </span>
     <span class='ocr_line' id='line_1_35' title="bbox 255 1850 741 1892; baseline 0.004 -11"><span class='ocrx_word' id='word_1_222' title='bbox 255 1859 338 1881; x_wconf 88' lang='lat' dir='ltr'>num</span> <span class='ocrx_word' id='word_1_223' title='bbox 365 1859 433 1882; x_wconf 89' lang='lat' dir='ltr'>non</span> <span class='ocrx_word' id='word_1_224' title='bbox 461 1850 630 1892; x_wconf 86' lang='lat' dir='ltr'>peccabis.</span> <span class='ocrx_word' id='word_1_225' title='bbox 659 1852 741 1890; x_wconf 86' lang='lat'>872.</span> 
     </span>
    </p>

    <p class='ocr_par' dir='ltr' id='par_1_32' title="bbox 209 1897 807 1940">
     <span class='ocr_line' id='line_1_36' title="bbox 209 1897 807 1940; baseline 0.002 -11"><span class='ocrx_word' id='word_1_226' title='bbox 209 1897 354 1940; x_wconf 89' lang='lat' dir='ltr'>Inopem</span> <span class='ocrx_word' id='word_1_227' title='bbox 380 1908 434 1930; x_wconf 91' lang='lat' dir='ltr'>me</span> <span class='ocrx_word' id='word_1_228' title='bbox 459 1898 558 1940; x_wconf 89' lang='lat' dir='ltr'>copia</span> <span class='ocrx_word' id='word_1_229' title='bbox 583 1898 672 1931; x_wconf 80' lang='lat' dir='ltr'>fecit.</span> <span class='ocrx_word' id='word_1_230' title='bbox 706 1904 807 1938; x_wconf 88' lang='lat'>1279.</span> 
     </span>
    </p>

    <p class='ocr_par' dir='ltr' id='par_1_33' title="bbox 208 1944 1191 1987">
     <span class='ocr_line' id='line_1_37' title="bbox 208 1944 1191 1987; baseline 0.001 -11"><span class='ocrx_word' id='word_1_231' title='bbox 208 1945 309 1987; x_wconf 89' lang='lat' dir='ltr'>Inopi</span> <span class='ocrx_word' id='word_1_232' title='bbox 335 1945 541 1978; x_wconf 87' lang='lat' dir='ltr'>beneficium</span> <span class='ocrx_word' id='word_1_233' title='bbox 567 1946 620 1978; x_wconf 88' lang='lat' dir='ltr'>bis</span> <span class='ocrx_word' id='word_1_234' title='bbox 648 1946 718 1985; x_wconf 84' lang='lat' dir='ltr'>dat,</span> <span class='ocrx_word' id='word_1_235' title='bbox 747 1946 805 1987; x_wconf 88' lang='lat' dir='ltr'>qui</span> <span class='ocrx_word' id='word_1_236' title='bbox 831 1945 889 1977; x_wconf 84' lang='lat' dir='ltr'>dat</span> <span class='ocrx_word' id='word_1_237' title='bbox 914 1944 1079 1977; x_wconf 82' lang='lat' dir='ltr'>celeriter.</span> <span class='ocrx_word' id='word_1_238' title='bbox 1113 1945 1191 1977; x_wconf 85' lang='lat'>161.</span> 
     </span>
    </p>

    <p class='ocr_par' dir='ltr' id='par_1_34' title="bbox 208 1990 1489 2073">
     <span class='ocr_line' id='line_1_38' title="bbox 208 1990 1489 2036; baseline -0.002 -12"><span class='ocrx_word' id='word_1_239' title='bbox 208 1993 247 2024; x_wconf 93' lang='lat' dir='ltr'>In</span> <span class='ocrx_word' id='word_1_240' title='bbox 274 1998 437 2035; x_wconf 85' lang='lat' dir='ltr'>papatum</span> <span class='ocrx_word' id='word_1_241' title='bbox 464 2000 500 2025; x_wconf 88' lang='lat' dir='ltr'>ut</span> <span class='ocrx_word' id='word_1_242' title='bbox 527 1994 636 2036; x_wconf 83' lang='lat' dir='ltr'>vulpis</span> <span class='ocrx_word' id='word_1_243' title='bbox 662 1994 803 2032; x_wconf 86' lang='lat' dir='ltr'>subiisti,</span> <span class='ocrx_word' id='word_1_244' title='bbox 825 1994 978 2034; x_wconf 84' lang='lat' dir='ltr'>regnabis</span> <span class='ocrx_word' id='word_1_245' title='bbox 1002 1998 1040 2025; x_wconf 88' lang='lat' dir='ltr'>ut</span> <span class='ocrx_word' id='word_1_246' title='bbox 1066 1992 1132 2031; x_wconf 86' lang='lat' dir='ltr'>leo,</span> <span class='ocrx_word' id='word_1_247' title='bbox 1151 1992 1301 2024; x_wconf 81' lang='lat' dir='ltr'>morieris</span> <span class='ocrx_word' id='word_1_248' title='bbox 1325 1996 1362 2023; x_wconf 87' lang='lat' dir='ltr'>ut</span> <span class='ocrx_word' id='word_1_249' title='bbox 1386 1990 1489 2022; x_wconf 76' lang='lat' dir='ltr'>canis.</span> 
     </span>
     <span class='ocr_line' id='line_1_39' title="bbox 261 2041 365 2073; baseline 0.01 -1"><span class='ocrx_word' id='word_1_250' title='bbox 261 2041 365 2073; x_wconf 89' lang='lat'>1228.</span> 
     </span>
    </p>

    <p class='ocr_par' dir='ltr' id='par_1_35' title="bbox 205 2085 1488 2132">
     <span class='ocr_line' id='line_1_40' title="bbox 205 2085 1488 2132; baseline -0.002 -13"><span class='ocrx_word' id='word_1_251' title='bbox 205 2089 247 2120; x_wconf 87' lang='lat' dir='ltr'>In</span> <span class='ocrx_word' id='word_1_252' title='bbox 273 2093 394 2130; x_wconf 74' lang='lat' dir='ltr'>questa</span> <span class='ocrx_word' id='word_1_253' title='bbox 419 2089 527 2120; x_wconf 82' lang='lat' dir='ltr'>forma</span> <span class='ocrx_word' id='word_1_254' title='bbox 550 2088 554 2132; x_wconf 89' lang='grc' dir='ltr'>Ι</span> <span class='ocrx_word' id='word_1_255' title='bbox 577 2090 684 2120; x_wconf 88' lang='lat' dir='ltr'>Passa</span> <span class='ocrx_word' id='word_1_256' title='bbox 709 2088 741 2120; x_wconf 87' lang='lat' dir='ltr'>la</span> <span class='ocrx_word' id='word_1_257' title='bbox 767 2089 855 2120; x_wconf 84' lang='lat' dir='ltr'>bella</span> <span class='ocrx_word' id='word_1_258' title='bbox 881 2088 1008 2126; x_wconf 80' lang='lat' dir='ltr'>donna,</span> <span class='ocrx_word' id='word_1_259' title='bbox 1029 2098 1047 2120; x_wconf 91' lang='lat' dir='ltr'>e</span> <span class='ocrx_word' id='word_1_260' title='bbox 1073 2098 1134 2130; x_wconf 84' lang='lat' dir='ltr'>par</span> <span class='ocrx_word' id='word_1_261' title='bbox 1158 2087 1221 2120; x_wconf 87' lang='lat' dir='ltr'>che</span> <span class='ocrx_word' id='word_1_262' title='bbox 1246 2086 1377 2118; x_wconf 78' lang='lat' dir='ltr'>dorma.</span> <span class='ocrx_word' id='word_1_263' title='bbox 1405 2085 1488 2125; x_wconf 85' lang='grc'><strong>891.</strong></span> 
     </span>
    </p>

    <p class='ocr_par' dir='ltr' id='par_1_36' title="bbox 206 2134 1042 2178">
     <span class='ocr_line' id='line_1_41' title="bbox 206 2134 1042 2178; baseline 0.001 -11"><span class='ocrx_word' id='word_1_264' title='bbox 206 2136 249 2167; x_wconf 84' lang='grc' dir='ltr'>Ιιι</span> <span class='ocrx_word' id='word_1_265' title='bbox 274 2141 397 2178; x_wconf 90' lang='lat' dir='ltr'>questo</span> <span class='ocrx_word' id='word_1_266' title='bbox 423 2137 536 2169; x_wconf 90' lang='lat' dir='ltr'>secolo</span> <span class='ocrx_word' id='word_1_267' title='bbox 558 2137 564 2176; x_wconf 92' lang='grc' dir='ltr'>Ι</span> <span class='ocrx_word' id='word_1_268' title='bbox 586 2134 628 2168; x_wconf 89' lang='lat' dir='ltr'>L’</span> <span class='ocrx_word' id='word_1_269' title='bbox 641 2137 735 2169; x_wconf 86' lang='lat' dir='ltr'>abito</span> <span class='ocrx_word' id='word_1_270' title='bbox 760 2137 778 2168; x_wconf 81' lang='grc' dir='ltr'>ὲ</span> <span class='ocrx_word' id='word_1_271' title='bbox 805 2140 907 2168; x_wconf 84' lang='lat' dir='ltr'>tutto.</span> <span class='ocrx_word' id='word_1_272' title='bbox 941 2137 1042 2176; x_wconf 84' lang='lat'>1762.</span> 
     </span>
    </p>

    <p class='ocr_par' dir='ltr' id='par_1_37' title="bbox 206 2180 1488 2224">
     <span class='ocr_line' id='line_1_42' title="bbox 206 2180 1488 2224; baseline -0.002 -9"><span class='ocrx_word' id='word_1_273' title='bbox 206 2184 357 2224; x_wconf 85' lang='lat' dir='ltr'>Insanis,</span> <span class='ocrx_word' id='word_1_274' title='bbox 385 2185 511 2222; x_wconf 78' lang='lat' dir='ltr'>Paule3</span> <span class='ocrx_word' id='word_1_275' title='bbox 542 2184 657 2216; x_wconf 82' lang='lat' dir='ltr'>multae</span> <span class='ocrx_word' id='word_1_276' title='bbox 685 2189 717 2216; x_wconf 90' lang='lat' dir='ltr'>te</span> <span class='ocrx_word' id='word_1_277' title='bbox 743 2184 849 2216; x_wconf 83' lang='lat' dir='ltr'>literae</span> <span class='ocrx_word' id='word_1_278' title='bbox 875 2184 918 2216; x_wconf 88' lang='lat' dir='ltr'>ad</span> <span class='ocrx_word' id='word_1_279' title='bbox 943 2184 1109 2216; x_wconf 83' lang='lat' dir='ltr'>insaniam</span> <span class='ocrx_word' id='word_1_280' title='bbox 1136 2186 1355 2215; x_wconf 78' lang='lat' dir='ltr'>convertunt.</span> <span class='ocrx_word' id='word_1_281' title='bbox 1386 2180 1488 2220; x_wconf 79' lang='lat'>1613.</span> 
     </span>
    </p>

    <p class='ocr_par' dir='ltr' id='par_1_38' title="bbox 207 2232 1027 2274">
     <span class='ocr_line' id='line_1_43' title="bbox 207 2232 1027 2274; baseline 0.001 -11"><span class='ocrx_word' id='word_1_282' title='bbox 207 2232 249 2263; x_wconf 95' lang='lat' dir='ltr'>In</span> <span class='ocrx_word' id='word_1_283' title='bbox 274 2235 359 2263; x_wconf 81' lang='lat' dir='ltr'>sette</span> <span class='ocrx_word' id='word_1_284' title='bbox 385 2236 544 2274; x_wconf 85' lang='lat' dir='ltr'>spezzato</span> <span class='ocrx_word' id='word_1_285' title='bbox 570 2232 614 2264; x_wconf 86' lang='lat' dir='ltr'>da</span> <span class='ocrx_word' id='word_1_286' title='bbox 639 2236 724 2264; x_wconf 83' lang='lat' dir='ltr'>sette</span> <span class='ocrx_word' id='word_1_287' title='bbox 749 2232 891 2264; x_wconf 82' lang='lat' dir='ltr'>confini.</span> <span class='ocrx_word' id='word_1_288' title='bbox 924 2233 1027 2273; x_wconf 86' lang='lat'>1158.</span> 
     </span>
    </p>

    <p class='ocr_par' dir='ltr' id='par_1_39' title="bbox 206 2278 1299 2321">
     <span class='ocr_line' id='line_1_44' title="bbox 206 2278 1299 2321; baseline -0.001 -11"><span class='ocrx_word' id='word_1_289' title='bbox 206 2279 381 2311; x_wconf 85' lang='lat' dir='ltr'>Insomma</span> <span class='ocrx_word' id='word_1_290' title='bbox 406 2280 439 2311; x_wconf 92' lang='lat' dir='ltr'>io</span> <span class='ocrx_word' id='word_1_291' title='bbox 465 2285 555 2311; x_wconf 85' lang='lat' dir='ltr'>resto</span> <span class='ocrx_word' id='word_1_292' title='bbox 580 2281 740 2319; x_wconf 88' lang='lat' dir='ltr'>attonito,</span> <span class='ocrx_word' id='word_1_293' title='bbox 766 2280 810 2311; x_wconf 73' lang='lat' dir='ltr'>ne</span> <span class='ocrx_word' id='word_1_294' title='bbox 835 2289 939 2321; x_wconf 84' lang='lat' dir='ltr'>posso</span> <span class='ocrx_word' id='word_1_295' title='bbox 964 2278 1162 2311; x_wconf 74' lang='lat' dir='ltr'>attribuite!</span> <span class='ocrx_word' id='word_1_296' title='bbox 1194 2285 1299 2310; x_wconf 84' lang='lat'>2211.</span> 
     </span>
    </p>

    <p class='ocr_par' dir='ltr' id='par_1_40' title="bbox 206 2327 917 2367">
     <span class='ocr_line' id='line_1_45' title="bbox 206 2327 917 2367; baseline 0.001 -9"><span class='ocrx_word' id='word_1_297' title='bbox 206 2327 402 2359; x_wconf 84' lang='lat' dir='ltr'>Instaurare</span> <span class='ocrx_word' id='word_1_298' title='bbox 428 2328 543 2359; x_wconf 90' lang='lat' dir='ltr'>omnia</span> <span class='ocrx_word' id='word_1_299' title='bbox 568 2327 601 2358; x_wconf 88' lang='lat' dir='ltr'>in</span> <span class='ocrx_word' id='word_1_300' title='bbox 630 2327 781 2360; x_wconf 79' lang='lat' dir='ltr'>Christo.</span> <span class='ocrx_word' id='word_1_301' title='bbox 815 2327 917 2367; x_wconf 89' lang='lat'>1996.</span> 
     </span>
    </p>

    <p class='ocr_par' dir='ltr' id='par_1_41' title="bbox 206 2375 1168 2415">
     <span class='ocr_line' id='line_1_46' title="bbox 206 2375 1168 2415; baseline 0 -9"><span class='ocrx_word' id='word_1_302' title='bbox 206 2375 414 2407; x_wconf 80' lang='lat' dir='ltr'>Instauratio</span> <span class='ocrx_word' id='word_1_303' title='bbox 440 2375 593 2406; x_wconf 80' lang='lat' dir='ltr'>facienda</span> <span class='ocrx_word' id='word_1_304' title='bbox 618 2376 662 2407; x_wconf 83' lang='lat' dir='ltr'>ab</span> <span class='ocrx_word' id='word_1_305' title='bbox 688 2375 764 2406; x_wconf 90' lang='lat' dir='ltr'>imis</span> <span class='ocrx_word' id='word_1_306' title='bbox 791 2375 1033 2406; x_wconf 53' lang='lat' dir='ltr'>fundamentis</span> <span class='ocrx_word' id='word_1_307' title='bbox 1066 2380 1168 2415; x_wconf 84' lang='lat'>1995.</span> 
     </span>
    </p>

    <p class='ocr_par' dir='ltr' id='par_1_42' title="bbox 206 2415 1486 2512">
     <span class='ocr_line' id='line_1_47' title="bbox 206 2415 1486 2465; baseline -0.005 -11"><span class='ocrx_word' id='word_1_308' title='bbox 206 2423 355 2454; x_wconf 83' lang='lat' dir='ltr'>Instinto</span> <span class='ocrx_word' id='word_1_309' title='bbox 372 2423 390 2454; x_wconf 79' lang='grc' dir='ltr'>ὲ</span> <span class='ocrx_word' id='word_1_310' title='bbox 416 2420 629 2455; x_wconf 79' lang='lat' dir='ltr'>deil&#39;umane</span> <span class='ocrx_word' id='word_1_311' title='bbox 656 2423 760 2454; x_wconf 86' lang='lat' dir='ltr'>menti</span> <span class='ocrx_word' id='word_1_312' title='bbox 782 2421 788 2465; x_wconf 90' lang='grc' dir='ltr'>Ι</span> <span class='ocrx_word' id='word_1_313' title='bbox 811 2422 883 2455; x_wconf 90' lang='lat' dir='ltr'>Che</span> <span class='ocrx_word' id='word_1_314' title='bbox 908 2423 960 2454; x_wconf 80' lang='grc' dir='ltr'>εἰὸ</span> <span class='ocrx_word' id='word_1_315' title='bbox 986 2421 1047 2454; x_wconf 90' lang='lat' dir='ltr'>che</span> <span class='ocrx_word' id='word_1_316' title='bbox 1072 2421 1131 2463; x_wconf 64' lang='lat' dir='ltr'>pin</span> <span class='ocrx_word' id='word_1_317' title='bbox 1158 2420 1186 2452; x_wconf 86' lang='lat' dir='ltr'>si</span> <span class='ocrx_word' id='word_1_318' title='bbox 1206 2419 1307 2458; x_wconf 80' lang='lat' dir='ltr'>vieta,</span> <span class='ocrx_word' id='word_1_319' title='bbox 1329 2426 1409 2450; x_wconf 85' lang='lat' dir='ltr'>uom</span> <span class='ocrx_word' id='word_1_320' title='bbox 1428 2415 1486 2458; x_wconf 64' lang='lat' dir='ltr'>piu</span> 
     </span>
     <span class='ocr_line' id='line_1_48' title="bbox 254 2470 448 2512; baseline 0.01 -11"><span class='ocrx_word' id='word_1_321' title='bbox 254 2470 360 2503; x_wconf 76' lang='lat' dir='ltr'>(lesia.</span> <span class='ocrx_word' id='word_1_322' title='bbox 391 2477 448 2512; x_wconf 85' lang='lat'>35.</span> 
     </span>
    </p>
   </div>
  </div>
 </body>
</html>
