1578 2638
183 152 251 194 836
652 154 771 186 Indice
795 155 886 186 aene
899 154 1003 198 frast

176 289 224 322 Et
249 289 343 322 voila
364 290 554 333 justement
578 301 712 324 comme
736 302 784 324 on
808 292 893 325 ecrit
917 289 941 324 1’
947 291 1113 325 histoire!
1134 297 1232 335 457.

178 329 211 370 E
235 347 306 370 uno
332 338 387 370 dei
412 339 574 381 vantaggi
598 339 633 371 di
657 343 781 381 questo
805 340 936 372 mondo
959 339 1076 383 quello
1100 339 1275 383 dipotere
1289 340 1408 374 odiare
1425 339 1468 372 ed

198 422 201 423 ⁷
225 395 339 418 essere
363 385 471 418 odiati
496 396 599 419 senza
623 387 830 421 conoscersi.
859 389 942 430 815.

179 433 330 466 Eureka.
362 441 465 473 1920.

179 482 210 513 E
236 483 368 514 vincere
393 482 548 523 bisogna.
581 483 684 525 1839.

178 529 210 560 E
234 530 383 562 vincitor
408 527 464 562 de’
484 530 588 563 secoli
611 530 616 571 Ι
637 531 669 562 11
693 541 795 563 nome
820 531 890 563 mio
915 531 1001 563 saro.
1031 531 1113 573 582.

178 577 292 610 Eviva
316 577 489 621 Gianduja
510 577 515 621 Ι
538 580 568 610 Ε
594 579 605 610 i
631 589 670 610 so
695 579 896 622 Giandujot.
924 580 1008 621 958.

177 625 208 656 Ε
233 629 315 658 vota
339 636 358 657 e
382 625 469 666 gira,
490 623 524 658 'a
549 626 656 659 storia
679 627 698 659 ὲ
724 637 859 670 sempre
883 626 1015 659 chessa.
1045 626 1128 668 664.

176 674 230 705 Ex
255 673 468 706 abundantia
492 675 604 707 cordis
631 685 670 707 os
695 674 861 718 loquitur.
895 675 997 716 1561.
1044 691 1047 692 ⁷

177 721 368 755 Excelsior.
403 730 507 762 1190.

176 769 287 810 Exegi
311 774 575 802 monumentum
599 781 677 803 aere
702 771 900 813 perennius.
933 770 1012 810 189.

175 817 343 850 Exoriare
368 817 492 860 aliquis
517 818 645 850 nostris
671 829 712 851 ex
738 819 876 857 ossibus
902 818 1014 851 ultor!
1046 818 1126 857 780.

175 865 326 907 Expedit
351 865 476 908 (vobis)
503 870 542 898 ut
566 876 655 898 unus
681 867 846 899 moriatur
871 866 977 899 homo
1002 876 1065 909 pro
1090 865 1232 908 populo.
1263 866 1347 899 616.

176 913 332 956 Experto
356 913 498 946 credite.
527 921 612 955 430.

175 1008 328 1040 Fabrum
353 1018 427 1041 esse
452 1018 625 1051 quemque
650 1010 810 1042 sortunae.
841 1015 922 1052 517.

174 1056 355 1088 Faciamus
379 1057 650 1099 experimentum
675 1057 712 1089 in
736 1057 849 1089 anima
874 1058 904 1098 (o
929 1057 966 1088 in
991 1057 1146 1099 corpore)
1171 1056 1246 1090 vili.
1279 1058 1381 1098 1988.

174 1104 338 1136 Faciendi
363 1104 478 1146 plures
502 1104 610 1138 libros
635 1105 751 1137 nullus
777 1109 828 1138 est
854 1105 947 1138 finis.
977 1106 1035 1138 28.

174 1151 300 1184 Facilis
325 1151 509 1185 descensus
529 1153 672 1185 Averni.
699 1155 784 1194 428.

175 1200 324 1232 Facilius
348 1206 399 1232 est
424 1201 590 1233 camelum
616 1211 676 1244 per
700 1202 852 1233 foramen
880 1211 960 1232 acus
986 1201 1137 1232 transire.
1170 1208 1273 1240 1291.

174 1248 272 1280 Facit
297 1247 490 1290 indignatio
514 1259 666 1281 versum.
698 1249 804 1290 1632.

174 1296 317 1328 Factum
343 1300 396 1328 est
420 1296 525 1334 illud3
556 1297 630 1328 fieri
655 1297 818 1329 infectum
843 1306 913 1328 non
940 1300 1066 1338 potest.
1093 1304 1178 1338 492.

174 1344 226 1375 Fa
250 1343 337 1375 delle
363 1349 448 1376 terre
473 1346 608 1376 intorno
633 1356 653 1376 a
679 1351 711 1376 te
737 1355 782 1376 un
809 1344 962 1376 deserto!
996 1352 1099 1385 1904.

174 1392 319 1424 Faisons
345 1397 421 1424 tous
447 1398 543 1424 notre
569 1393 696 1425 devoir.
731 1393 833 1432 1878.

174 1439 281 1471 Fama
306 1440 427 1472 crescit
451 1441 580 1473 eundo.
614 1448 718 1482 1931.

173 1487 224 1519 Fa
249 1491 366 1520 manto
392 1487 447 1520 del
472 1498 555 1520 vero
581 1488 647 1520 alla
672 1498 874 1529 menzogna.
909 1488 989 1520 126.

172 1535 280 1567 Fama
305 1545 408 1577 super
433 1535 570 1568 aethera
595 1540 712 1569 notus.
740 1545 818 1576 199.

173 1583 293 1624 Fango
318 1582 381 1615 che
407 1583 488 1616 sale.
518 1584 601 1626 644.

171 1631 262 1662 Fato
287 1641 383 1663 come
408 1631 500 1663 colui
525 1631 587 1663 che
613 1631 735 1673 piange
762 1641 780 1662 e
805 1631 892 1664 dice.
923 1638 982 1671 93,
1015 1637 1119 1670 1271.

171 1678 239 1710 Fas
266 1682 317 1710 est
342 1682 376 1711 et
401 1679 445 1711 ab
471 1678 571 1711 hoste
597 1679 724 1711 doceri.
757 1679 861 1720 1338.

173 1726 259 1758 Fata
284 1726 375 1758 viam
400 1726 590 1759 invenient.
621 1734 702 1769 514.

171 1774 256 1805 Fate
283 1776 360 1806 tutti
386 1775 408 1806 il
435 1780 549 1807 vostro
575 1775 710 1807 dovere.
745 1774 849 1813 1878.

171 1821 265 1854 Fatti
289 1832 360 1853 non
385 1822 472 1854 soste
497 1834 517 1854 a
542 1822 639 1854 viver
664 1833 760 1854 come
791 1822 894 1854 bruti.
928 1821 1030 1861 1766.

171 1870 273 1901 Fatto
299 1867 446 1902 v’avete
471 1870 541 1902 Dio
565 1867 601 1902 d'
614 1881 676 1902 oro
702 1881 720 1902 e
746 1867 948 1911 d'argento.
983 1876 1061 1909 132.

172 1917 300 1949 Favete
325 1917 463 1959 linguis.
499 1925 601 1959 1939.

173 1965 297 1997 Fedele
323 1965 356 1997 di
382 1966 512 1997 Roma.
540 1972 623 2006 977.

172 2013 288 2044 Fedeli
315 2023 332 2044 e
358 2014 455 2045 saldi.
489 2013 590 2045 1826.

172 2060 266 2092 Felix
292 2062 445 2093 Austria.
478 2061 581 2099 1018,
617 2069 717 2101 1019.

168 2107 265 2139 Felix
291 2109 350 2150 qui
377 2109 490 2150 potuit
514 2119 625 2141 rerum
651 2118 857 2149 cognoscere
881 2118 1031 2140 caussas.
1066 2113 1171 2147 1529.

168 2156 275 2198 Φήμη
312 2157 440 2196 δὀῦτις
473 2156 619 2198 πάμπαν
656 2156 865 2194 ἀπόλλυται,
897 2155 1018 2197 ἥντινα
1050 2154 1178 2187 πολλοὶ
1200 2153 1206 2196 Ι
1228 2153 1310 2186 λαοί
1351 2153 1458 2196 φημί·

217 2204 328 2244 ζουσι·
358 2203 449 2244 Θεὸς
475 2205 514 2237 νύ
540 2206 590 2245 τίς
617 2205 689 2237 ὲστι
715 2205 776 2237 καί
802 2203 904 2246 αὐτή.
937 2203 1014 2242 187.

169 2250 325 2290 Femina,
353 2261 433 2283 cosa
459 2252 567 2283 mobil
592 2262 652 2294 per
678 2256 812 2284 natura.
843 2257 924 2292 375.

170 2299 309 2330 Femina
335 2299 353 2330 ὲ
379 2309 459 2330 cosa
488 2300 593 2331 mobil
620 2310 679 2341 per
704 2305 835 2331 natura.
865 2299 947 2339 376.

170 2346 332 2378 Feminea
358 2347 463 2378 tutior
490 2347 582 2379 unda
609 2347 690 2379 fide.
720 2354 802 2388 377.

167 2394 319 2426 Feminis
345 2393 460 2434 lugere
486 2394 669 2426 honestum
697 2399 761 2434 est,
790 2393 872 2425 viris
899 2393 1107 2425 meminisse.
1139 2391 1218 2431 778.

168 2441 346 2473 Femmina
370 2442 389 2473 ὲ
413 2452 492 2474 cosa
518 2441 653 2482 garrula
678 2452 695 2473 e
723 2441 852 2474 fallace.
884 2448 966 2482 374.

171 2489 346 2521 Femmine
372 2489 415 2521 da
441 2490 553 2522 conio.
588 2496 690 2530 1793.

1546 1739 1578 2231 *naaman—mam.
1568 1718 1578 1727 .
