1578 2638
72 263 233 300 Minfile
255 263 403 304 videtur,
422 264 519 307 quod
540 274 613 297 non
636 263 747 297 rideat
770 263 957 308 haruspex,
972 274 1052 297 eum
1069 263 1285 307 haruspicem
1303 263 1355 295 vi-

121 309 223 345 duih
253 311 357 345 1600.

72 359 204 393 Minora
226 359 449 392 contribuens
473 359 584 402 plebs.
612 360 696 402 641.

73 406 182 440 Miser
204 406 261 439 ehi
284 407 352 439 mal
376 407 532 450 oprando
555 408 588 440 si
609 406 747 440 eonfida
767 405 774 448 Ι
795 404 983 448 Ch’ognor
1004 411 1074 440 star
1098 407 1212 440 debha
1236 406 1262 438 il
1285 417 1357 440 ma-

119 454 243 489 lefido‘
258 455 407 488 occulto.
436 461 518 495 ²77-

73 501 330 536 Miaericordia!
358 506 548 535 cantavauo
578 503 590 534 i
614 502 704 544 grilli
724 502 732 546 1
752 502 783 534 Il
815 502 851 534 di
874 499 1178 535 dell'Aseensione
1202 502 1268 534 alle
1291 502 1358 535 Ca-

121 550 227 583 scine.
256 557 362 592 2145.
570 582 574 590 ,

73 597 309 630 Misericordia
333 603 368 630 et
392 598 516 631 veritas
535 598 764 630 obviaverunt
789 597 877 630 sibi:
901 597 1035 640 justitia
1059 602 1093 630 et
1109 608 1175 640 pax
1195 596 1356 630 osculata:

122 650 216 679 sunt.
244 645 327 678 602.

74 693 132 725 M'r
150 703 191 726 so
215 693 248 725 el
271 694 331 735 piu
356 703 440 734 gran
465 693 575 725 tirauo
601 694 693 736 dopo
718 694 801 726 Dio.
833 701 936 734 1041.

74 741 142 773 Mit
165 742 290 773 reinem
316 741 488 772 Gewissen
513 741 600 773 zieht
624 741 858 774 Deutschland
881 742 915 772 in
941 741 1006 772 den
1033 741 1168 784 Kampf
1180 741 1188 773 ἒ
1221 739 1324 772 1882.

73 788 226 821 Modena
253 790 272 820 ὲ
297 798 366 820 una
389 789 470 821 citra
498 789 534 821 di
558 789 766 821 Lombardia
786 790 793 832 Ι
815 789 888 821 Che
916 788 972 820 nel
1000 793 1128 831 pantan
1157 798 1275 821 mezza
1303 798 1356 820 se-

120 836 216 879 polta
239 836 346 868 siede.
374 837 457 877 983.

74 883 204 916 Modus
229 884 389 916 omnibus
414 883 449 915 in
474 884 589 916 rebus.
622 891 724 926 1715.

75 931 206 973 Moglie
229 931 266 963 di
291 931 426 964 Cesare.
459 939 561 972 1311.

75 978 185 1011 Molla
209 979 315 1011 Buni.
343 979 450 1018 2176.

75 1026 234 1059 Molletta
257 1027 294 1058 in
318 1027 455 1058 truseia.
483 1026 565 1068 836.

74 1073 228 1106 Molliter
253 1084 331 1106 ossa
355 1074 494 1106 cubent.
522 1075 605 1113 877.

75 1121 185 1154 Molte
211 1121 290 1154 flate
314 1121 368 1162 gia
393 1121 528 1163 pianser
552 1121 578 1152 li
604 1121 675 1162 figli
697 1120 702 1162 Ι
725 1123 791 1154 Per
815 1121 848 1153 la
872 1121 971 1164 colpa
996 1121 1051 1153 del
1077 1121 1196 1164 padre.
1223 1121 1308 1164 468.

76 1169 178 1201 Molti
204 1170 254 1200 fra
277 1169 321 1210 gli
347 1169 455 1201 ultimi
480 1179 623 1201 saranno
649 1171 657 1200 i
683 1171 795 1211 primi.
824 1178 906 1211 243.

75 1217 190 1249 Molto
214 1217 281 1258 egli
306 1218 391 1259 opto
409 1216 462 1249 col
487 1226 595 1249 senno
620 1227 639 1249 e
664 1227 729 1248 con
754 1217 787 1249 la
812 1227 927 1249 mano.
956 1216 1064 1258 2038.

75 1264 189 1296 Molto
213 1274 349 1296 rumore
373 1274 433 1306 per
458 1264 564 1296 nulla.
593 1265 699 1296 2060.

74 1311 271 1344 Monarchie
295 1312 447 1350 absolue,
476 1313 643 1354 temperee
668 1323 728 1354 par
753 1312 813 1344 des
838 1312 1017 1344 chansons.
1048 1320 1104 1354 53.

73 1359 269 1391 Mon‘archie
293 1360 444 1398 absolue,
473 1361 638 1402 temper-ee
664 1370 723 1402 par
742 1360 963 1392 l’assaesinat.
995 1360 1098 1401 1036.

74 1407 161 1439 Mon
186 1407 290 1446 Dieu,
316 1407 428 1449 quelle
455 1417 574 1448 guerre
598 1407 743 1440 cruene!
775 1408 856 1447 761.

74 1454 254 1486 Monsieur
278 1452 367 1487 d’La
393 1455 506 1487 Palice
530 1459 582 1487 est
606 1460 709 1494 mort,
732 1454 739 1498 1
762 1455 856 1487 Mort
880 1455 1008 1487 devant
1032 1455 1152 1487 Pavie.
1180 1462 1286 1496 2193.

74 1502 254 1534 Monsieur
270 1501 555 1534 Tout·le·monde
571 1503 631 1544 qui
647 1514 667 1535 a
683 1503 761 1545 plus
774 1503 921 1545 d’esprit
936 1513 1004 1545 que
1016 1503 1070 1535 M.
1085 1501 1251 1535 Voltaire.
1274 1511 1292 1543 7
1298 1509 1356 1545 54.

74 1550 265 1581 Monstrum
292 1549 510 1582 horrendum.
540 1550 645 1582 2018.

75 1597 160 1629 Mon
185 1598 333 1639 systeme
354 1599 360 1642 Ι
382 1599 446 1629 Est
470 1594 580 1640 qu’on
600 1598 702 1630 serait
726 1597 878 1630 heureux
904 1598 948 1630 de
972 1607 1008 1630 ae
1033 1598 1140 1630 servir
1165 1598 1356 1638 soi-meme.

126 1645 208 1677 228.

76 1692 195 1724 Monte
221 1692 359 1735 Grappa
385 1699 421 1724 tu
447 1694 492 1724 sei
519 1693 550 1724 la
575 1694 641 1724 mia
666 1695 786 1735 patria.
819 1692 921 1734 1851.

74 1739 263 1772 Moriamur
289 1750 351 1782 pro
376 1750 453 1780 rege
478 1745 597 1772 nostro
623 1741 734 1772 Maria
759 1739 935 1773 Theresia.
967 1741 1071 1782 1238.

75 1787 244 1819 Moriatur
268 1787 381 1819 anima
406 1797 481 1819 mea
505 1792 614 1820 morte
636 1788 822 1830 justorum.
856 1795 958 1830 1455.

74 1834 238 1867 Moriatur
264 1836 375 1867 anima
400 1845 474 1866 mea
499 1842 606 1867 morte
632 1835 924 1878 philosophorum.
958 1843 1061 1877 1455.

74 1882 263 1915 Moriemur
288 1882 427 1915 inultae!
452 1881 458 1924 Ι
480 1883 547 1915 Sed
573 1884 768 1922 moriamur,
798 1884 857 1916 ait.
886 1883 968 1923 876.

75 1929 184 1961 Morir
214 1930 328 1962 denno
359 1930 369 1961 i
401 1930 512 1972 plebei
542 1930 679 1963 sursanti
708 1931 819 1962 oscuri
842 1930 848 1974 Ι
871 1930 999 1963 Perche
1030 1930 1039 1961 i
1069 1930 1205 1963 sursanti
1235 1930 1357 1964 illustri

122 1977 196 2009 sien
222 1978 336 2010 sicuti.
367 1985 447 2019 553.

78 2023 214 2061 Morire,
243 2035 309 2057 non
336 2026 509 2067 ripiegare.
543 2025 644 2067 1825.

76 2071 189 2103 Morte
214 2083 232 2102 a
260 2073 367 2104 Franz
390 2072 394 2116 l
420 2073 506 2104 viva
531 2073 711 2104 Oberdan!
746 2074 848 2114 1847.

74 2118 188 2151 Morte
213 2120 286 2151 sura
308 2120 313 2163 Ι
338 2121 451 2151 Prima
477 2121 486 2151 i
513 2120 672 2161 migliori,
699 2130 717 2151 e
744 2121 844 2152 lascis
870 2126 938 2152 star
965 2121 974 2152 i
1000 2121 1062 2154 rei.
1093 2129 1174 2163 215.

75 2165 214 2198 Mortua
238 2167 291 2199 eui
318 2168 387 2199 vita
412 2172 463 2198 est
489 2177 596 2210 prope
618 2169 688 2210 jam
715 2168 796 2199 vivo
821 2174 923 2210 atque
949 2168 1092 2201 videnti.
1125 2177 1228 2210 1491.

76 2212 207 2245 Mostra
232 2225 251 2245 a
275 2214 348 2246 dito
373 2215 415 2246 ed
440 2219 583 2246 onorata
607 2215 756 2247 nadre-ti
778 2214 784 2259 Ι
808 2216 874 2247 Fra
898 2216 929 2248 le
956 2215 1064 2248 madri
1091 2215 1207 2250 latine.
1231 2218 1311 2249 ποί».

76 2260 181 2292 Much
208 2261 274 2293 ado
298 2262 404 2293 about
430 2261 587 2302 nothing.
617 2263 721 2294 2060.

76 2308 201 2339 Mulier
225 2319 300 2340 eum
326 2309 400 2340 aola
424 2309 549 2350 cogitat
574 2310 662 2342 male
685 2310 823 2350 cogitat.
853 2311 934 2352 384.

77 2355 238 2387 Mulieres
264 2356 341 2388 idco
367 2357 452 2388 bene
478 2356 582 2396 olere,
608 2358 688 2399 quia
714 2357 798 2388 nihil
824 2358 975 2392 olebant.
1004 2361 1088 2401 408.

77 2402 238 2434 Mulieres
264 2403 298 2435 in
323 2403 471 2435 ecclesiis
497 2409 641 2437 taeeaut.
671 2405 752 2446 385.

77 2450 200 2482 Mulier
227 2456 315 2482 recte
340 2450 422 2490 olet,
451 2452 509 2483 ubi
535 2451 618 2483 nihil
645 2451 727 2484 olet.
755 2453 839 2494 408.
