1578 2638
944 7 952 11 *v
994 5 1023 26 -.
1066 0 1081 11 ·’
1105 0 1278 32 saw
1299 0 1578 34 27¹·:2-ss2'2w

249 93 320 126 866
720 95 840 128 Indae
864 74 954 128 da'ue
969 96 1074 140 frasi

247 230 332 262 Non
357 229 467 262 minor
493 230 602 263 virtus
628 235 680 271 est
709 232 796 264 tueri
821 238 855 265 et
880 233 1043 276 perficere
1070 244 1142 267 rem
1169 234 1405 269 inventam...
1431 245 1535 278 quam

296 277 456 320 reperire.
488 279 569 320 746.
1032 303 1036 307 -

245 325 331 358 Non
355 325 403 357 mi
427 326 568 368 tolgane
593 326 626 359 la
650 327 759 368 gloria
783 328 819 360 di
844 329 950 361 morir
974 339 1117 371 povero.
1149 330 1252 372 1318.

246 373 330 405 Non
355 372 475 414 multa,
503 374 564 407 sed
589 375 748 408 multum.
780 384 883 418 1534.

245 421 325 453 Non
352 422 451 454 nobis
476 423 584 454 solum
610 424 680 455 nati
706 434 836 457 sumus.
864 432 947 466 354.

244 469 339 508 Non,
368 480 454 502 non:
485 476 547 510 est,
575 477 638 503 est.
672 480 774 513 1323.

242 516 328 548 Non
353 517 436 550 olet.
468 525 547 560 135.

243 564 327 596 Non
352 565 468 597 omnia
491 575 676 608 possumus
701 577 835 600 omnes.
863 576 946 609 932.

243 612 327 644 Non
352 613 514 646 omnibus
540 614 687 647 dormio.
721 616 823 657 1598.

242 660 327 692 Non
353 661 465 693 omnis
491 662 631 694 moriar.
663 663 742 696 188.

242 707 326 741 Non
351 719 450 751 parce
474 719 555 751 que,
582 710 668 742 mais
693 710 857 752 quoique.
889 718 993 753 2057.

241 755 326 788 Non
350 761 462 799 parto,
490 767 561 790 nou
586 761 690 790 resto.
725 765 827 799 1477.

241 804 325 836 Non
349 815 569 847 passeranno.
602 806 705 848 1837.

241 851 326 884 Non
350 852 429 895 plus
454 853 556 885 ultra.
589 862 693 894 1922.

240 900 324 932 Non
350 900 584 942 possidentem
609 897 715 934 multa
741 901 917 933 vocaveris
940 900 945 946 Ι
969 903 1078 935 Recte
1103 903 1254 935 beatum.
1287 903 1390 944 1289.

239 947 324 991 an
349 959 468 991 posso,
496 959 567 981 non
592 949 695 992 devo,
722 959 790 981 non
817 949 948 991 voglio.
981 950 1083 990 1976.

239 995 325 1028 Non
349 1007 547 1039 possumus.
581 1004 682 1038 1977.

238 1044 323 1075 Non
348 1049 447 1086 potes
472 1055 702 1077 successorem
728 1049 825 1077 tuum
852 1045 1017 1077 occidere.
1049 1053 1128 1088 515.

239 1092 322 1124 Non
347 1093 603 1135 praevalebunt.
637 1101 739 1135 1300.

238 1139 323 1172 Non
348 1141 445 1182 quod
469 1140 572 1173 intrat
597 1141 633 1172 in
658 1151 711 1180 os,
739 1140 938 1183 coinquinat
963 1141 1151 1174 hominem.
1183 1147 1288 1181 1712.

237 1187 323 1220 Non
347 1188 534 1230 ragioniam
560 1188 596 1220 di
621 1188 684 1227 lor,
714 1199 769 1220 ma
794 1189 922 1229 guarda
946 1199 965 1221 e
988 1199 1102 1231 passa.
1134 1197 1237 1231 1949.

236 1235 321 1268 Non
345 1236 532 1278 reliquetur
556 1236 613 1268 hic
638 1236 724 1279 lapis
749 1247 852 1279 super
876 1236 1024 1279 lapidem
1041 1237 1101 1279 qui
1118 1236 1325 1270 destruatur.
1344 1232 1453 1271 2006.
1498 1238 1501 1239 ’

236 1283 321 1316 Non
346 1284 591 1326 rempublicam
617 1295 714 1316 suam
739 1294 827 1324 esse,
855 1284 915 1316 sed
941 1294 977 1316 se
1001 1284 1211 1327 reipublicae.
1244 1292 1348 1326 1350.

236 1331 321 1364 Non
347 1336 454 1364 restar
479 1333 588 1374 pietra
613 1342 715 1374 sopra
739 1332 860 1375 pietra.
891 1333 996 1365 2006.

235 1378 320 1412 Non
346 1380 518 1423 saprei....
545 1390 615 1412 non
642 1380 666 1411 li
691 1380 738 1412 ho
763 1380 904 1413 contati.
939 1387 1040 1420 1710.

234 1426 319 1460 Νοιι
344 1438 477 1461 saremo
509 1428 602 1467 abili,
633 1439 688 1460 ma
721 1431 914 1471 sopratutto
946 1428 1117 1469 vogliamo
1150 1438 1262 1461 essere
1287 1428 1412 1462 onesti.
1439 1427 1521 1470 675.
1572 1437 1578 1462 ῑ

234 1474 319 1507 Non
344 1486 453 1515 scese,
480 1486 537 1515 no,
567 1476 733 1518 precipiti>
758 1476 794 1507 di
819 1475 914 1508 sella.
943 1484 1047 1518 2042.

233 1522 318 1555 Non
343 1534 451 1562 serve,
482 1523 641 1563 Anselm,
668 1524 757 1565 degh
782 1534 827 1556 on
853 1524 1005 1566 quattrin
1029 1534 1090 1566 per
1115 1534 1174 1556 un.
1206 1525 1284 1565 136.

234 1570 315 1603 Non
342 1573 450 1603 siamo
474 1573 543 1604 nati
570 1572 717 1604 soltanto
743 1582 802 1614 per
828 1573 896 1603 noi.
926 1579 1008 1613 354.

234 1618 318 1651 Non
343 1620 371 1650 si
397 1624 580 1651 eommetta
604 1619 636 1651 al
662 1630 733 1651 mar
758 1619 814 1651 chi
838 1625 927 1651 teme
952 1620 976 1651 il
1001 1623 1117 1652 vento.
1151 1626 1254 1660 1327.
1570 1616 1578 1634 ⁴

234 1667 316 1699 Non
343 1668 370 1699 si
397 1667 518 1710 passa!
552 1667 654 1708 1837.
1567 1657 1578 1694 ‚⁸

233 1713 317 1747 Non
341 1725 405 1747 son
431 1715 489 1757 poi
515 1715 551 1746 di
568 1715 647 1757 quei
668 1715 831 1747 babbioni
855 1714 862 1758 Ι
884 1714 956 1747 Che
976 1715 1005 1746 si
1024 1715 1127 1747 fanno
1147 1714 1382 1747 infinocchiar.
1413 1720 1517 1755 2049.
1568 1701 1578 1751 i

232 1761 317 1795 Non
342 1773 381 1794 so
406 1773 443 1794 se
467 1763 492 1794 il
516 1763 586 1795 riso
611 1773 632 1794 o
657 1762 690 1794 la
714 1763 805 1802 pieta
830 1763 979 1805 prevale.
1011 1769 1115 1803 1972.
1566 1759 1578 1816 ᾖ

232 1810 316 1842 Non
340 1820 416 1842 sum
443 1811 621 1852 propheta,
652 1814 686 1842 et
710 1820 781 1843 non
807 1820 882 1842 sum
910 1810 1001 1842 filius
1027 1810 1218 1853 prophetae.
1245 1817 1329 1852 453.
1564 1815 1578 1886 'i

231 1858 315 1890 Non
340 1858 398 1890 tali
425 1858 566 1898 auxilio,
593 1869 655 1890 nec
681 1858 919 1890 defensoribus
945 1858 1019 1890 istis
1042 1857 1047 1901 Ι
1072 1859 1223 1900 Tempus
1247 1862 1336 1899 eget.
1367 1863 1446 1897 172.

231 1906 311 1937 Non
338 1906 397 1937 tibi
423 1906 482 1938 sed
509 1907 622 1944 Petro,
653 1907 706 1938 eui
732 1917 904 1939 successor
930 1916 978 1944 ες,
1007 1916 1135 1948 parem.
1165 1905 1246 1938 286.
1569 1907 1578 1923 ⁸

232 1954 316 1985 Non
341 1958 379 1985 ut
403 1954 502 1986 edam
528 1954 622 1993 vivo,
652 1954 712 1986 sed
737 1959 774 1985 ut
801 1954 915 1986 vivam
941 1955 1019 1987 edo.
1052 1955 1153 1994 1767.
1560 1984 1564 1989 .

230 2002 314 2034 Non
340 1999 559 2043 v’accorgete
586 2002 657 2040 voi,
682 2001 743 2033 che
769 2002 827 2033 noi
854 2002 938 2034 siam
964 2001 1072 2034 vermi
1094 2000 1099 2046 1
1122 2001 1205 2034 Nati
1231 2011 1251 2033 a
1274 2000 1400 2033 sor-mar
1424 1995 1516 2031 l'au—
1559 1996 1565 2037 J

280 2048 385 2090 gelica
411 2049 554 2082 sai-falla.
586 2050 667 2090 736.

231 2096 312 2128 Non
339 2094 404 2128 v’e
429 2097 574 2129 animale
600 2097 659 2139 piu
685 2096 858 2128 invidioso
884 2097 938 2128 del
965 2097 1133 2129 letterato.
1163 2096 1245 2135 809.

233 2145 312 2175 Non
341 2145 440 2176 veder
466 2156 532 2177 non
561 2146 662 2176 seutir
688 2145 764 2176 m’c':
789 2154 869 2183 gran
899 2151 1047 2177 ventura.
1078 2153 1158 2186 251.

231 2192 311 2223 Non
341 2193 468 2223 videbis
494 2203 600 2224 annos
628 2193 730 2224 Petri.
765 2200 866 2233 1304.

230 2239 310 2271 Non
339 2241 367 2270 vi
394 2241 411 2271 ὲ
437 2242 494 2282 piu
521 2250 665 2272 nessuna
691 2240 784 2281 legge
809 2241 1081 2272 internazionalc.
1116 2239 1215 2278 1887.

228 2287 312 2319 Non
339 2287 418 2318 vitae
445 2288 503 2318 sed
530 2287 656 2319 scholae
682 2288 856 2320 discimus.
890 2295 993 2329 1542.

230 2335 309 2366 Non
336 2335 502 2375 vogliamo
528 2335 679 2367 encomii
712 2336 804 2375 (Non
832 2335 987 2376 voglamo
1012 2336 1177 2375 ingomii).
1212 2335 1311 2374 1856.

228 2382 310 2414 Non
337 2382 416 2414 volo
443 2387 584 2414 mortem
613 2383 706 2424 impii
730 2382 735 2425 Ι
758 2383 826 2415 Sed
852 2390 889 2414 ut
914 2387 1131 2415 convertatur
1157 2386 1189 2413 et
1214 2381 1320 2413 vivat.
1353 2384 1453 2419 1077.

232 2431 313 2461 Non
341 2441 399 2462 vos
424 2430 568 2470 elegistis
594 2441 659 2464 nie.
689 2430 747 2462 sed
773 2441 835 2470 ego
861 2431 942 2470 elegi
972 2441 1042 2461 vos.
1077 2437 1178 2471 1303.
