1578 2638
198 28 203 31 .
243 31 248 34 ,
260 21 272 30 »ι
290 11 334 34 7'1'
351 15 363 28 ί

74 43 79 56 ι
106 35 193 62 ,Ὺ
209 35 244 57 ἢ*
259 46 263 47 ’
284 32 307 52 Π
351 40 355 41 ’
371 38 376 39 ’

0 66 8 79 >
24 66 272 140 [uid-141²]
436 94 565 137 Regale
581 93 743 136 pran‘che
765 82 906 125 athene
1240 96 1309 132 477

27 244 48 267 e
70 234 257 275 vioevetm:
285 232 411 265 Omnia
434 242 516 275 ergo
539 241 776 274 quaecumque
791 231 902 262 vultis
925 234 968 262 ut
977 230 1123 273 sac-ima
1143 230 1236 260 vobis
1251 229 1311 260 Ιιο-

27 295 148 330 mines,
175 297 211 324 et
241 303 299 324 vos
311 292 425 335 facite
449 292 548 324 iuis.-
575 292 659 323 haec
689 293 782 322 enim
807 292 865 322 lex
897 294 934 322 et
957 290 1149 332 prophetae
1177 289 1308 332 (Vang.

27 353 69 384 di
89 353 130 385 S.
155 352 293 388 Matteo,
315 362 391 394 cap.
419 358 452 391 7,
475 362 508 383 v.
540 353 596 392 12)
614 361 634 383 e
650 350 705 383 nel
739 350 887 392 Vangelo
910 350 952 380 di
974 350 1014 381 S.
1041 349 1136 380 Luca
1164 350 1253 390 (αφ.
1273 347 1309 386 6,

27 421 62 444 v.
88 413 168 453 31):
195 412 244 443 Et
265 415 378 453 prout
402 411 510 443 vultis
535 414 577 442 ut
589 410 735 453 faciant
755 411 848 441 vobis
876 410 1040 445 homines,
1070 413 1104 440 et
1125 419 1183 440 vos
1198 408 1311 451 faa'te

27 472 102 503 illis
124 472 302 503 similiter.

13 562 158 601 1410.
190 548 319 590 Utile
348 561 431 603 per
461 547 623 589 inutile
655 561 747 588 non
780 547 983 604 vitiatnr.
1037 542 1042 547 '

27 650 47 682 ὲ
70 650 203 682 ditten'o
235 650 396 691 giuridico
426 649 487 681 che
512 651 539 682 si
565 655 659 681 trova
688 650 847 691 ripetuto,
881 659 981 680 senza
1011 648 1082 680 dire
1106 647 1160 679 dei
1183 647 1312 688 giuristi

27 696 190 748 moderni,
218 709 307 750 negli
339 709 463 741 antichi
489 710 670 747 trattatisu',
699 719 759 750 per
782 710 792 740 i
818 709 909 750 quali
942 708 1054 739 vedasi
1078 717 1138 750 per
1162 707 1312 749 esempio

27 769 59 800 13
84 769 231 801 Summa
246 769 300 801 M.
326 771 375 800 A.
395 769 566 807 SABELLI,
586 769 649 800 sub
667 778 749 800 voce
775 768 878 800 Utile.
897 768 915 799 Ι
934 768 1116 806 trattatisti‚
1136 766 1311 809 ripetendo

26 828 50 860 il
66 829 199 860 ditterio
215 828 411 866 medesimo,
434 829 462 860 si
478 830 650 870 riportano
671 828 703 859 al
726 828 859 869 Corpus
876 829 978 862 iuris,
999 838 1020 858 e
1034 826 1312 870 principalmente

27 887 59 919 al
83 888 235 932 Digesto.
263 888 324 920 lib.
345 896 403 930 45,
424 889 476 920 tit.
495 889 526 927 I,
555 897 580 926 1,
610 889 782 920 costituito
807 888 851 919 da
868 898 913 919 un
933 897 1034 930 passo
1059 886 1115 918 del
1137 887 1311 927 giurecon-

26 947 116 980 sulto
131 948 306 980 ULPIANO
324 949 357 980 in
374 949 428 980 cui
453 948 471 979 ὲ
488 947 521 979 13
546 949 652 980 frase:
674 948 796 989 Neque
815 949 966 978 vitiatur
982 948 1083 978 utilis
1104 947 1307 988 (stipatam)

21 1013 91 1048 per
111 1007 201 1038 hanc
225 1009 399 1041 inutilem.
427 1007 663 1045 Concordano,
685 1017 749 1038 con
775 1007 918 1049 qualche
943 1005 1132 1044 differenza,
1154 1016 1200 1037 un
1225 1005 1311 1037 alu-o

26 1076 127 1108 passo
151 1066 185 1098 di
202 1067 350 1108 Ulpiano
369 1067 403 1098 di
420 1068 474 1098 cui
492 1067 547 1098 nel
564 1067 706 1109 Digesto
723 1074 843 1105 stesso,
863 1066 923 1099 lib.
942 1074 999 1109 50,
1028 1067 1080 1098 tit.
1100 1066 1228 1104 XVII,
1249 1074 1307 1107 94,

26 1135 46 1157 e
69 1125 92 1157 il
123 1126 251 1162 Codice,
282 1126 341 1158 lib.
370 1125 404 1165 6,
433 1128 486 1158 tit.
514 1127 666 1165 XXIII,
700 1134 753 1166 17.

34 1216 156 1255 1411.
190 1202 396 1244 Primum
428 1204 599 1252 vivere,
631 1203 800 1246 deinde
830 1203 1159 1259 philosophari.

26 1306 46 1337 ὲ
62 1306 182 1350 adagio
194 1306 228 1338 di
245 1307 298 1338 cui
309 1307 336 1338 si
354 1307 470 1347 ignora
487 1306 518 1338 la
535 1307 629 1339 fonte
643 1317 651 1338 z
668 1307 837 1349 qualcuno
856 1307 879 1338 1’
893 1306 1085 1338 attribuisce
1102 1317 1122 1337 a
1141 1306 1308 1337 HOBBES.

26 1365 127 1398 Nelle
140 1367 334 1398 Sententiae
342 1377 487 1409 graecae
499 1367 532 1399 di
546 1367 653 1399 Marc’
659 1368 811 1399 Antonio
821 1367 957 1399 Mureto
967 1369 995 1399 si
1005 1373 1100 1398 nova
1109 1366 1142 1398 13
1151 1371 1310 1406 segnente

263 1443 446 1486 Πρώτιστα
469 1444 634 1485 πλοῦτον,
661 1446 738 1478 εἶτα
764 1444 1040 1487 δἐὐσεβήσομεν

27 1531 88 1564 che
112 1532 248 1565 Mureto
273 1533 464 1565 attribuisce
482 1543 503 1565 a
520 1533 549 1564 F
551 1541 717 1570 oomni-3,
738 1544 793 1564 ma
809 1533 871 1565 che
887 1543 955 1565 non
971 1534 999 1564 si
1018 1539 1112 1564 trova
1129 1534 1183 1564 nei
1209 1533 1310 1564 iram·

27 1593 129 1624 menti
154 1591 208 1623 del
233 1598 334 1634 poeta
358 1593 531 1624 milesiano
556 1593 598 1624 nc
623 1592 712 1624 dello
738 1593 1042 1625 Pseudo-Focilide
1066 1603 1084 1624 e
1110 1592 1171 1624 che
1195 1591 1239 1624 ha
1262 1602 1309 1624 un

27 1650 211 1692 significato
227 1653 313 1683 assai
331 1653 439 1684 vicino
464 1663 484 1683 a
508 1652 622 1694 quello
647 1651 726 1684 den‘
739 1652 859 1693 adagio
875 1653 909 1684 in
934 1653 1132 1694 questione:
1162 1662 1182 1683 «
1197 1652 1310 1687 Prima

27 1709 50 1742 il
74 1710 212 1750 danao,
240 1713 296 1753 poi
314 1710 346 1742 la
363 1711 545 1744 devozione
566 1723 599 1743 ».
627 1711 699 1744 Cst.
720 1709 907 1743 Inter-mid.
927 1713 986 1743 des
1010 1712 1160 1747 cheren„
1196 1719 1238 1743 10
1261 1711 1309 1743 fe·

28 1770 111 1802 vrier
140 1777 241 1810 1907,
269 1771 335 1803 col.
364 1779 446 1803 200.
611 1765 617 1770 “

75 1829 115 1861 In
140 1830 277 1861 DANTE
305 1830 490 1871 leggiamo:

35 1918 157 1957 ¹41²·
220 1907 341 1948 Poca
372 1907 530 1948 favilla
561 1921 678 1962 gran
709 1907 895 1949 flamma
925 1909 1138 1950 seconda.

882 1980 1060 2013 (paradiso,
1080 1989 1106 2007 c.
1127 1981 1152 2013 1,
1170 1989 1198 2008 v·
1217 1982 1272 2014 3⁴).

28 2058 88 2092 che
113 2062 315 2093 ammoniscc
340 2073 360 2093 3
395 2072 491 2103 pon-e
524 2061 675 2094 solleeito
701 2062 838 2094 timedio
869 2062 898 2093 ai
924 2062 1043 2104 piccoli
1073 2061 1151 2094 mali
1177 2063 1308 2094 innanzi

29 2118 88 2151 che
113 2119 299 2152 l'incendio
325 2122 350 2152 si
377 2121 514 2162 ailarghi
539 2132 557 2153 e
582 2121 637 2152 dia
662 2122 787 2162 origine
811 2132 830 2153 a
848 2122 925 2162 guai
949 2123 1007 2164 pin
1032 2123 1136 2162 gravi,
1153 2121 1230 2164 quel
1248 2121 1309 2153 che

29 2177 115 2220 dagli
141 2180 262 2211 antichi
287 2190 342 2212 era
367 2191 518 2222 espresso
543 2181 631 2212 nella
652 2188 808 2213 sentenza
833 2182 885 2221 gi&
903 2182 1067 2214 ricordata
1084 2181 1115 2213 31
1134 2192 1169 2214 n.
1196 2189 1305 2223 1330:

28 2237 215 2280 Principiis
240 2240 332 2271 obsta
356 2250 426 2271 ecc.

35 2381 135 2415 1410.
165 2377 204 2407 L’
218 2378 332 2409 inutile
358 2388 425 2409 non
451 2385 569 2418 guasta
595 2378 737 2410 Futile.-

0 2435 18 2492 ἐν
36 2433 135 2469 1411.
164 2430 275 2461 Prima
300 2431 439 2471 bisogna
468 2441 607 2473 pensare
631 2442 651 2462 a
677 2433 796 2469 vivere,
826 2434 880 2474 poi
907 2444 925 2463 a
952 2434 1019 2464 fare
1045 2433 1132 2464 dena
1151 2432 1305 2464 filosofia.

0 2493 35 2638 ἱ
