1578 2638
1314 101 1379 140 537

142 216 1168 271 iznaehenmooenenastofiadfflamosofialafme:

102 320 234 381 1669.
259 317 440 376 Cogito,
471 333 583 375 ergo
613 332 729 361 sum.

97 426 275 459 enunciata
297 426 343 458 da
365 425 480 458 Rimt
505 426 729 458 DEscARm
754 427 807 458 nei
832 426 1012 468 Principes
1027 425 1159 457 Philas.
1181 425 1225 465 (Ι,
1247 431 1265 463 7
1285 434 1304 456 e
1324 426 1381 465 10)

98 495 118 517 e
131 472 207 517 >che
233 485 377 518 diveune
400 485 423 516 l’
437 486 582 517 assioma
609 485 859 517 fondamentale
887 484 977 516 della
1004 483 1148 516 filosofia
1175 485 1380 516 cartusiam:

99 545 213 578 vedasi
232 544 339 577 anche
357 545 383 577 il
403 545 571 577 Discours
587 546 630 576 de
646 546 682 577 la
699 545 858 577 Me'tlwde
867 550 966 587 pour
980 546 1056 576 bien
1073 545 1239 576 condm’re
1254 554 1294 576 sa
1311 546 1384 575 rai-

98 615 173 638 son.
190 605 242 636 Le
257 605 343 637 fonti
360 605 395 636 di
410 611 531 647 questa
547 610 705 638 sentenza
720 604 923 648 pon-ebbero
944 604 1084 636 trovarsi
1101 604 1157 636 nel
1172 604 1383 635 ciceroniano

107 665 227 696 Vivere
241 668 277 696 et
289 666 439 708 cogitare
458 665 620 706 (Tuscul.
646 668 781 707 quaest„
804 675 880 707 cap.
900 665 947 702 V,
967 662 986 707 ἦ
1003 663 1061 706 38)
1084 674 1103 696 e
1126 667 1333 706 soprattntto
1348 664 1383 694 in

99 734 146 756 un
170 725 347 767 passaggio
364 725 418 756 dei
435 725 629 766 &1170th
653 725 687 756 di
705 725 742 757 s.
761 727 982 756 Aoosrmo:
1014 735 1033 755 «
1051 724 1102 755 R.
1130 716 1185 755 Τίι
1209 724 1268 765 qui
1284 724 1334 755 vis
1350 728 1384 755 te

98 790 212 820 nosse,
246 782 311 813 seis
335 786 368 814 te
393 781 489 813 esse?
505 783 592 813 -Α,
621 781 711 813 Scio.
731 799 753 805 -
771 781 821 813 R.
849 780 951 812 Unde
976 780 1065 812 scis?
1082 781 1171 811 -A.
1198 779 1339 812 Nescio.
1361 797 1384 804 -

100 841 152 873 R.
171 841 364 884 simplicem
380 847 414 873 te
430 842 534 873 sentis
550 851 595 872 an
614 841 858 883 multiplicem?
874 859 900 864 -
915 842 963 872 A.
982 840 1122 872 Nescio.
1141 857 1165 863 -
1182 839 1233 872 R.
1252 839 1383 871 Moveri

100 906 134 932 te
151 900 239 932 scis?
254 918 282 924 —
296 902 344 933 A.
363 901 503 933 Nescio.
522 919 546 924 -
563 901 614 932 R.
633 901 790 942 Cogitate
807 906 840 932 te
857 900 944 932 scis?
962 918 987 923 -
1003 901 1051 931 A.
1071 899 1162 931 Scio.
1181 917 1205 922 —
1220 899 1272 931 R.
1291 899 1384 940 Ergo

101 970 215 992 verum
230 965 283 992 eet
299 961 443 1001 cogitare
469 966 516 992 te.
534 978 557 984 -
573 962 622 992 A.
641 961 784 992 Verum.
802 970 822 991 »
845 960 1061 1001 (Soliloqm'a,
1083 959 1143 991 lib.
1162 959 1213 997 H,
1233 969 1309 1002 cap.
1334 960 1382 997 1).

146 1020 210 1052 Ma
232 1019 411 1052 Doecartes
434 1020 575 1062 concepi
589 1030 608 1051 e
633 1019 744 1051 svolse
768 1019 792 1051 il
817 1020 982 1062 pn'ncipio
1007 1018 1068 1050 che
1093 1019 1112 1050 ὲ
1136 1018 1271 1050 cardine
1296 1017 1386 1050 della

99 1089 163 1112 sua
185 1078 338 1117 masona,
366 1080 718 1122 indipendentemente
741 1079 787 1111 da
810 1080 887 1120 ogni
906 1079 1017 1111 studio
1034 1078 1124 1110 della
1140 1078 1288 1110 dottrina
1303 1087 1383 1119 ago-

100 1139 255 1178 stiniana,
282 1138 344 1171 che
367 1140 456 1171 forse
480 1139 526 1180 gli
549 1149 606 1171 era
628 1145 709 1171 nota
734 1138 807 1171 solo
831 1139 1148 1181 imperfettamente.
1176 1138 1294 1170 Infatti
1320 1137 1384 1178 egli

100 1199 247 1231 suiveva
271 1199 327 1231 nel
362 1199 452 1241 1640
476 1210 497 1231 a
521 1199 573 1231 chi
597 1200 632 1231 lo
657 1210 761 1231 aveva
793 1201 956 1231 avvertito
989 1199 1077 1231 della
1105 1198 1385 1241 corrispondenza

101 1257 190 1290 della
204 1269 267 1291 sun
277 1258 424 1291 dottrina
437 1258 598 1291 filosofica
614 1269 678 1291 con
695 1259 718 1291 il
736 1269 838 1302 passo
850 1260 953 1291 citato
965 1259 1018 1291 dei
1033 1259 1241 1300 Soliloquia:
1257 1270 1276 1289 «
1286 1258 1385 1290 Vons

101 1318 233 1350 m’ava
256 1318 367 1359 obligt'e
391 1318 434 1350 de
458 1319 628 1351 m'averfir
652 1319 700 1351 du
724 1329 866 1361 passage
890 1319 932 1351 de
957 1319 1045 1350 saint
1067 1319 1238 1359 Augustin
1260 1317 1385 1360 auquel

101 1388 181 1410 mon
208 1378 283 1420 “je
299 1388 403 1421 pense
426 1378 514 1410 donc
534 1379 569 1420 je
593 1380 661 1411 suis
680 1379 703 1393 ”
733 1390 753 1411 a
776 1373 924 1421 qtielque
948 1384 1105 1422 rapport;
1129 1378 1164 1420 je
1181 1378 1240 1410 1’ai
1257 1379 1310 1410 ἑῑὲ
1325 1377 1386 1409 lire

101 1437 317 1480 aujourd’hui
342 1448 384 1470 en
409 1438 442 1470 la
465 1438 696 1480 bibliotheque
713 1438 755 1470 de
779 1444 867 1471 cette
892 1438 982 1477 ville,
1009 1444 1043 1470 et
1063 1438 1098 1480 je
1123 1443 1241 1470 trouve
1266 1437 1384 1469 verita·

101 1497 251 1530 blement
273 1497 359 1540 qu’il
377 1498 450 1530 s'en
475 1504 542 1530 sert
560 1508 645 1540 pour
670 1508 813 1540 prouver
837 1498 871 1530 la
886 1498 1049 1530 certitude
1074 1497 1116 1529 de
1140 1502 1236 1530 notre
1253 1498 1383 1529 eum...

102 1562 137 1590 et
160 1556 246 1590 c’est
270 1567 336 1589 une
359 1556 461 1589 chose
486 1558 543 1599 qui
569 1558 611 1589 de
636 1559 685 1589 soi
702 1564 752 1590 est
777 1559 803 1590 si
829 1557 948 1600 simple
973 1563 1007 1590 et
1032 1558 1058 1589 si
1084 1557 1247 1589 naturelle
1263 1557 1284 1588 ὲ
1300 1557 1384 1588 inst-

102 1626 154 1648 ηι-
178 1616 285 1658 qu’on
310 1623 373 1654 est,
396 1616 438 1648 de
462 1627 499 1648 ce
525 1617 634 1658 qu’ou
660 1617 776 1655 doute,
804 1616 932 1659 qu'elle
955 1617 1062 1649 aurait
1086 1626 1134 1658 pu
1159 1615 1291 1648 tomber
1306 1624 1386 1647 sous

102 1675 135 1708 la
158 1676 281 1718 plume‘
290 1676 333 1708 de
356 1677 414 1718 qui
431 1686 498 1718 que
522 1686 560 1708 ee
585 1677 669 1712 soit:
693 1677 777 1708 mais
789 1677 824 1718 je
843 1686 885 1708 ne
902 1676 1000 1708 laisse
1017 1686 1078 1718 pas
1097 1675 1206 1707 d’etre
1223 1675 1300 1707 bien
1317 1675 1386 1706 nise

102 1734 233 1767 d’avoir
257 1737 430 1767 rencontn':
455 1746 536 1767 avec
560 1737 647 1767 saint
671 1737 855 1776 Augustin.
879 1746 898 1766 ιο

150 1793 356 1826 Conclativo
380 1794 435 1826 del
460 1795 623 1836 principio
653 1794 768 1837 Cogito
792 1805 874 1836 ergo
891 1805 968 1826 sum
996 1794 1014 1826 ὲ
1032 1794 1054 1825 l’
1066 1793 1150 1826 altro
1175 1793 1229 1825 nel
1246 1792 1346 1835 quale
1363 1791 1385 1824 il

102 1853 253 1886 Cartoeio
278 1854 468 1886 s'avvicinb
492 1854 526 1886 di
552 1855 609 1896 pin
627 1854 694 1886 alla
719 1854 826 1886 forma
851 1853 1020 1886 dialettiea
1038 1854 1072 1885 di
1098 1853 1135 1886 S.
1158 1853 1340 1894 Agostino,
1367 1862 1386 1884 e

104 1913 164 1945 che
188 1914 216 1946 si
241 1915 364 1946 ritrova
389 1915 420 1945 in
447 1913 540 1946 molti
572 1913 685 1954 luoghi
710 1913 797 1945 delle
822 1923 923 1955 opere
958 1915 1142 1945 cartesiane
1167 1922 1223 1944 mn
1246 1911 1384 1955 special·

104 1979 215 2005 mente
240 1973 493 2015 nell'opuscolo
518 1973 702 2014 Inquisitio
727 1974 883 2004 veritatis
904 1978 973 2014 per
997 1973 1115 2004 lumen
1141 1973 1305 2004 naturale
1314 1983 1328 2004 .·

154 2058 173 2078 α
194 2046 324 2079 Dubito
349 2057 428 2088 ergo
460 2058 547 2082 sum,
577 2046 626 2078 vel
653 2046 745 2089 quod
772 2048 850 2078 item
875 2054 939 2085 est,
968 2047 1078 2087 cogito
1104 2057 1184 2087 ergo
1205 2039 1295 2079 ¹sum.
1317 2058 1336 2077 »

106 2124 140 2156 Si
168 2125 237 2167 ριιό
262 2125 448 2156 consultare
474 2135 531 2166 per
558 2124 589 2156 la
614 2125 716 2155 storia
741 2123 773 2155 di
800 2130 919 2166 questa
950 2130 1108 2155 sementa
1132 2122 1294 2156 filosofica
1318 2133 1386 2155 una

105 2183 340 2216 dissermzione
365 2184 397 2215 di
424 2184 567 2223 Ludwig
586 2183 723 2215 Fischer
739 2190 907 2226 stampatn
932 2194 952 2215 a
970 2183 1177 2216 Wioebaden
1204 2183 1258 2215 nel
1281 2183 1383 2223 1890.

153 2242 209 2274 Un
234 2243 363 2275 illustre
381 2242 513 2274 filososo
540 2242 687 2279 tedesco,
708 2242 923 2274 Eum-mm
949 2242 1079 2279 lus-r,
1107 2242 1126 2274 ὲ
1148 2242 1169 2274 il
1187 2248 1335 2274 creatore
1352 2241 1385 2273 di

107 2310 175 2333 una
199 2303 285 2334 irase
309 2303 385 2342 oggi
412 2308 508 2333 usam
532 2312 550 2332 e
576 2301 728 2339 abusam.
758 2301 779 2333 il

50 2435 54 2462 ’.
114 2433 213 2473 1669.
243 2434 366 2471 Penso.
394 2434 530 2475 dunque
556 2435 670 2465 esisto.
