1578 2638
237 71 306 112 478
727 72 900 104 Clzil'ha
922 71 1041 104 aeuo?
1205 62 1216 94 ί
1380 76 1391 86 1
1430 91 1437 101 ,
1509 97 1516 108 ἒ
1549 78 1562 85 ψ

237 135 1519 150 Μμρμ--Ρ-’Ἣ

283 210 336 241 La
359 215 516 242 sentenza
530 220 537 242 :

243 300 366 339 1413.
400 287 439 328 Il
470 287 563 329 fine
593 287 825 342 giustifica
855 289 869 329 i
902 265 1054 330 mezzi.

236 390 255 421 ὲ
279 390 547 421 evidentemente
580 401 649 422 uno
683 389 737 422 dei
769 390 865 422 molti
899 391 1049 423 aforismi
1071 391 1211 432 foggiati
1235 390 1326 423 dalla
1353 391 1526 423 condemna

237 447 411 489 popolare,
441 447 693 486 condensando,
721 457 782 489 per
797 448 868 479 cosi
892 448 975 486 dire,
1003 447 1028 479 il
1052 458 1154 480 succo
1178 447 1212 480 di
1237 449 1327 480 van'e
1341 446 1422 481 hesi
1445 458 1525 480 ana·

236 505 348 547 loghe,
369 507 509 539 talvolta
533 507 568 538 di
593 508 702 539 autori
719 507 854 539 diversi.
881 507 916 539 Si
933 508 952 539 ὲ
969 508 1170 540 cominciato
1188 507 1243 540 ool
1266 507 1353 540 dirlo
1369 507 1425 541 del
1442 507 1526 539 MA·

237 574 463 598 CHIAVELu:
492 577 548 598 ma
564 566 651 598 nelle
669 577 770 610 opere
789 567 844 598 del
871 567 1058 608 Segretario
1070 568 1268 600 Fiorentino
1284 577 1354 600 non
1370 568 1399 599 si
1415 556 1540 606 nova,-

236 625 365 658 bench&
382 626 405 658 il
422 626 507 658 libro
525 626 580 658 del
596 627 759 669 Principe*
778 632 943 668 contenga
964 628 1051 670 (capr.
1071 627 1220 668 XVIII)
1239 637 1286 660 un
1308 623 1449 670 periodo
1465 626 1527 659 che

237 697 276 718 su
293 697 353 729 per
369 687 426 727 gisl
445 688 588 729 esprime
605 687 629 718 il
647 687 831 719 medesimo
850 692 1023 719 concetto:
1051 701 1070 718 «
1086 687 1187 720 Nelle
1205 687 1314 720 azioni
1330 687 1365 719 di
1381 687 1461 720 tutti
1481 685 1527 728 gli

236 747 376 784 nomini,
397 757 416 778 e
429 747 586 779 massime
598 746 653 779 de'
667 747 826 790 Pdncipi,
844 748 930 780 dove
947 758 1015 779 non
1033 748 1052 779 ὲ
1068 747 1212 788 giudizio
1225 758 1246 779 3
1262 746 1315 780 chi
1331 746 1524 785 reclamare,

237 807 263 838 si
289 806 417 847 guarda
441 807 473 838 al
497 806 577 839 fine.
605 807 705 839 Facci
737 807 895 849 adunque
920 818 965 839 un
992 808 1147 849 Principe
1172 811 1275 840 conto
1299 807 1334 839 di
1358 807 1480 845 vivere,
1507 815 1528 838 e

237 870 430 897 mantenere
454 865 488 898 lo
523 867 638 898 Stato:
667 867 678 897 i
703 868 806 898 mezzi
832 877 975 899 saranno
1001 877 1131 909 sempre
1155 866 1314 908 giudicati
1337 865 1524 903 onorevoB,

238 936 256 957 e
273 925 317 957 da
334 927 492 958 ciascuno
505 926 623 959 lodati.
650 937 670 959 »
690 927 807 958 Percio
828 927 862 958 in
880 932 1000 969 questa
1019 932 1176 959 sentenza
1192 927 1221 959 si
1237 927 1256 959 ὲ
1272 925 1390 958 voluto
1408 925 1528 958 vedere

237 985 260 1016 il
283 986 449 1028 principio
467 986 718 1019 fondamentale
738 987 793 1019 del
811 987 1001 1019 cosiddetto
1026 987 1339 1018 machiavellzlsmo:
1357 985 1411 1018 sul
1428 985 1528 1028 quale

238 1051 434 1086 argomento
451 1046 565 1078 vedasi
586 1045 691 1078 anche
718 1046 751 1078 13
775 1046 970 1087 magistrale
995 1056 1098 1088 opera
1116 1046 1150 1078 di
1168 1047 1210 1079 P.
1230 1045 1363 1084 villari,
1389 1046 1530 1078 Niccolb

237 1105 493 1137 Machz'avellz'e
507 1107 524 1137 ι’
532 1108 612 1137 suoi
625 1108 735 1148 tempi
747 1107 910 1146 (Firenze,
932 1105 1097 1146 1877-82‚
1114 1106 1183 1138 vol.
1198 1105 1269 1144 ΙΙΙ,
1283 1116 1362 1148 pag.
1378 1105 1525 1147 370-82)
1574 1141 1578 1145 ,

238 1175 256 1196 e
280 1165 304 1196 il
328 1166 549 1204 Tommasini‚
578 1166 629 1197 La
653 1167 726 1197 vita
750 1177 767 1196 e
787 1167 848 1208 gli
868 1167 985 1197 scritti
1006 1166 1110 1197 diN.
1138 1165 1205 1202 M„
1235 1165 1304 1198 vol.
1323 1165 1354 1205 Ι,
1382 1175 1462 1208 pag.
1489 1174 1524 1207 4,

238 1235 273 1256 n.
306 1233 336 1263 1,
365 1225 451 1257 dove
483 1236 567 1257 sono
593 1225 738 1258 studiate
763 1226 794 1257 le
820 1226 937 1266 origini
963 1225 1051 1257 della
1079 1225 1196 1268 parola
1221 1225 1525 1257 machiavelltsmo.

286 1284 428 1316 D’altra
452 1291 548 1327 parte
573 1286 600 1317 si
625 1285 644 1317 ὲ
670 1285 764 1317 detto
789 1285 834 1317 da
858 1285 933 1317 altri
958 1285 1019 1317 che
1043 1285 1068 1316 1’
1081 1286 1240 1318 aforisma
1263 1285 1448 1318 medesimo
1472 1294 1529 1317 era

239 1344 270 1376 la
295 1345 529 1387 quintessenza
562 1345 651 1377 della
675 1345 802 1377 morale
836 1346 996 1386 gesuitica
1021 1356 1039 1376 e
1071 1344 1339 1387 probabilmente
1362 1343 1387 1376 il
1418 1345 1527 1387 primo

239 1404 300 1436 che
324 1405 376 1436 cio
403 1404 605 1443 affermasse,
633 1405 671 1436 fu
697 1406 847 1437 PASCAL
872 1405 959 1437 nelle
985 1406 1113 1437 famose
1139 1405 1372 1436 Provinciam
1396 1414 1442 1436 ou
1466 1405 1528 1436 Iet-

239 1468 307 1496 tres
341 1466 478 1496 escrites
508 1469 582 1505 par
617 1465 722 1496 Louz's
755 1466 797 1495 de
831 1465 999 1496 Montalte
1033 1465 1054 1495 ἁ
1088 1475 1137 1496 un
1170 1464 1371 1506 provincial
1394 1465 1446 1495 ‘de
1476 1473 1542 1495 ses·

238 1526 327 1555 amis
355 1524 475 1566 (1656,
507 1530 580 1563 7me
606 1524 730 1565 lettre),
760 1524 847 1556 dove
865 1525 900 1555 fa
918 1524 988 1556 dire
1004 1535 1025 1556 a
1050 1535 1095 1557 un
1120 1524 1270 1565 gaeuita:
1300 1534 1319 1555 «ι
1338 1523 1440 1556 Nous
1456 1533 1528 1555 cor·

239 1585 370 1624 rigeons
387 1584 418 1616 le
436 1586 507 1616 vice
532 1584 579 1616 du
597 1594 720 1626 moyen
746 1594 807 1627 par
832 1585 865 1616 la
882 1586 999 1627 purete
1017 1584 1059 1616 de
1083 1583 1117 1616 la
1139 1583 1185 1616 fin
1205 1594 1240 1617 ».
1260 1584 1322 1615 Ma
1338 1588 1529 1616 veramente

238 1645 271 1675 in
297 1654 421 1676 nessun
448 1644 618 1676 moralista
634 1645 765 1684 gesuita
790 1645 815 1676 si
843 1650 938 1676 trova
962 1645 995 1676 in
1022 1644 1067 1676 tal
1093 1645 1214 1676 forma.
1234 1643 1265 1675 11
1291 1644 1527 1675 BUSENBAUM

239 1703 327 1735 nella
351 1704 513 1735 Medulla
531 1705 705 1746 theologioe
724 1705 866 1735 moralis
896 1704 967 1743 (lib.
997 1704 1063 1742 VI,
1087 1709 1183 1735 tract.
1211 1703 1279 1742 VI,
1299 1713 1376 1746 cap.
1394 1702 1446 1741 11,
1465 1702 1528 1734 du-

239 1763 332 1794 bium
358 1764 414 1802 ΙΙ,
434 1764 488 1795 De
515 1774 583 1794 usu
609 1765 837 1804 matrimoniz)
858 1764 980 1795 scrive:
1008 1763 1079 1796 Cui
1100 1764 1216 1795 licitus
1235 1767 1286 1795 est
1300 1762 1403 1807 finis,
1424 1764 1527 1794 etiam

240 1824 344 1854 licent
369 1825 501 1858 maiia,-
527 1823 550 1854 il
575 1823 773 1855 LAYMANN
799 1823 887 1855 nella
916 1823 1030 1855 Theol.
1053 1824 1176 1855 mora-⁷.
1206 1821 1398 1863 (Monach.‚
1424 1821 1525 1864 1625,
1573 1830 1578 1837 ¹

239 1893 317 1924 pars
342 1884 412 1922 III,
441 1895 476 1915 n.
510 1885 587 1925 11):
630 1884 699 1915 Cui
720 1894 895 1915 concessus
929 1889 980 1915 est
995 1882 1096 1926 finis,
1132 1893 1285 1914 concessa
1318 1883 1422 1914 etiam
1445 1885 1531 1914 sunt
1566 1840 1578 1916 1

241 1945 353 1975 media
377 1945 425 1974 ad
451 1943 563 1986 finem
590 1945 776 1979 ordinata:
810 1943 1011 1975 l'ILLsUNG
1044 1942 1123 1974 nell’
1137 1942 1253 1974 Arbor
1279 1943 1427 1973 scientt'oe
1455 1941 1528 1982 (Di-
1565 1954 1568 1959 ·

240 2003 351 2043 lingae,
387 2003 487 2044 1693,
515 2014 594 2045 pag.
638 2004 737 2045 153):
774 2004 843 2035 Cui
874 2004 990 2034 licitus
1023 2006 1074 2034 est
1094 2002 1195 2046 finis,
1234 2003 1294 2034 illi
1324 2002 1403 2033 licet
1425 2002 1527 2033 etiam

242 2063 391 2093 medium
418 2074 461 2093 ex
495 2067 625 2094 natura
649 2072 727 2094 sucr‘
750 2064 950 2094 ordinatum
976 2063 1025 2093 ad
1047 2063 1151 2093 talem
1173 2061 1286 2104 finem
1294 2073 1309 2096 ,·
1333 2061 1357 2092 il
1382 2060 1528 2092 WAGE-

241 2129 365 2159 MANN,
407 2122 494 2153 nella
530 2124 677 2164 Svnops.
714 2123 816 2154 tlzeol.
852 2123 975 2153 moral.
1015 2121 1222 2163 (OEniponti‚
1264 2119 1365 2160 1762,
1393 2119 1525 2162 pars‘l,

241 2192 319 2223 pag.
349 2182 406 2220 28,
436 2193 470 2214 n.
500 2182 580 2223 28):
610 2183 668 2214 An
696 2184 839 2214 intentio
868 2183 950 2213 boni
964 2181 1055 2225 finis
1078 2183 1226 2213 vitietur
1242 2184 1314 2223 per
1335 2181 1528 2212 electionem

242 2242 350 2272 medii
378 2242 493 2273 mali?
518 2243 609 2278 Non,
647 2244 681 2273 si
709 2244 917 2273 intendatur
932 2241 1023 2285 finis
1051 2243 1126 2272 sine
1149 2242 1223 2272 ullo
1246 2241 1368 2272 ordine
1391 2240 1440 2271 ad
1461 2248 1528 2270 me·

240 2302 353 2332 dium.
382 2301 412 2332 E
438 2301 506 2332 cosi
540 2303 572 2332 in
600 2302 694 2333 molti
727 2301 800 2333 altri
836 2302 963 2333 trattati
990 2301 1023 2332 di
1050 2301 1226 2333 casuistica
1258 2298 1396 2332 morale.
1423 2299 1484 2331 Ma
1510 2297 1530 2331 ὲ

241 2359 363 2391 dovere
389 2360 421 2390 di
448 2360 665 2401 imparzialitix
685 2361 718 2391 (li
745 2361 906 2392 avvertire
924 2359 985 2391 che
1011 2364 1127 2402 queste
1153 2363 1308 2391 sentenze
1332 2367 1400 2390 non
1417 2355 1542 2389 hanno'

242 2419 264 2450 il
298 2418 483 2458 significato
515 2420 620 2450 cinico
654 2419 714 2451 che
752 2431 809 2462 per
843 2421 959 2461 spirito
994 2419 1027 2450 di
1061 2424 1156 2461 parte
1183 2419 1210 2449 si
1236 2419 1254 2450 ὲ
1290 2417 1404 2450 voluto
1437 2412 1544 2455 atui-⁹,-
