1578 2638
215 227 341 258 tionem
365 219 508 258 inimicis
532 227 602 258 suis
619 239 634 255 ι
660 226 777 266 (Leaia,
799 236 878 269 cap.
895 211 1089 268 LXVLy.
1108 226 1166 268 δὶς
1192 219 1257 260 ωιῖ
1271 211 1329 261 nel
1342 220 1501 269 οαιιρὲὲῐο
1557 219 1560 222 ”

215 295 235 316 a
260 285 327 317 due
351 286 436 317 versi
462 286 496 317 di
522 286 661 317 OMERo
683 285 852 326 (Odzls-sea,
873 285 934 318 lib.
953 286 1023 326 III,
1043 296 1077 319 v.
1098 286 1284 329 214-215)‚'
1303 284 1464 327 omegflo
1480 296 1502 319 a

215 344 282 376 due
307 345 341 376 di
366 345 512 376 Eszono
541 345 669 387 (Opere
693 357 710 376 e
731 347 862 388 giorm‘,
892 345 947 378 ed.
976 345 1095 384 Flaeh,
1123 356 1158 379 v.
1187 345 1378 388 761·762)2

296 430 299 431 ⁷
357 435 465 478 Φήμη
492 434 623 475 δὀὔτις
648 435 792 477 πάμπαν
819 435 1027 477 ἀπόλλυται,
1053 435 1175 478 ἥντινα,
1199 435 1330 474 πολλοὶ

356 489 438 521 λαοὶ
463 489 662 531 φημίζουσι·
689 488 780 530 Θεὸς
804 490 844 522 νύ
869 491 920 530 τίς
946 490 1018 522 ἐστι
1043 491 1106 522 καὶ
1131 489 1232 535 αὐτή.

213 583 303 615 cioe:
334 594 353 614 «
371 584 479 615 Fama
505 594 582 616 vero
608 584 701 616 nulla
725 585 864 631 omnine
881 585 979 627 perit,
1000 595 1103 626 quam
1120 585 1256 627 quidem
1272 585 1369 625 multi
1381 585 1498 628 pepuli

213 643 405 683 divulgant:
435 643 509 675 Dea
535 654 615 675 sane
640 644 797 686 quaedam
817 649 867 676 est
885 649 919 676 et
935 645 1021 686 ipsa.
1038 646 1057 675 »⁷
1077 644 1196 686 Questi
1214 645 1299 676 versi
1317 636 1498 677 divennero

213 702 366 744 popolari
392 704 425 734 in
452 703 583 742 Greeia,
611 703 731 745 poiche
755 702 778 735 li
805 704 968 735 troviamo
993 704 1051 745 pisi
1077 703 1167 736 volte
1191 704 1284 736 citati
1299 703 1522 744 negliseritn

213 763 276 795 tori
296 762 437 794 classici.
458 762 597 804 Quanto
614 762 681 794 alla
697 768 855 795 sentenza
881 763 951 795 Vox
962 764 1100 805 populi,
1121 774 1189 795 vox
1204 763 1284 800 Dei,
1305 763 1339 796 la
1355 773 1418 796 sua
1432 765 1497 797 ori·
1521 759 1522 762 ¹

211 822 287 862 gine
313 822 332 853 ὲ
356 823 520 854 anteriore
537 822 570 854 al
586 822 699 864 secolo
718 831 800 861 vm,
821 822 941 865 poiche
957 823 1011 863 gi&
1027 824 1204 854 ALcUINo
1221 823 1277 855 nel
1295 823 1507 869 Capitularer

211 882 456 925 admonitionis
473 883 521 913 ad
538 882 713 918 Carolum,
731 880 749 926 ξ
766 882 824 913 ΙΧ
841 883 908 923 (nei
920 882 1145 915 Mzzvcellanea
1163 882 1217 914 del
1231 882 1384 922 Baluzio‚
1401 887 1450 916 to.
1462 882 1494 922 I,
1535 915 1537 918 ,

211 951 290 982 pag.
311 941 393 982 376,
417 943 523 980 Paris,
549 941 803 983 1678)·ricorda
819 953 840 973 a
856 942 956 974 Carlo
970 942 1118 983 Magno:
1138 953 1158 976 ‹<
1171 942 1247 974 Nec
1264 942 1422 986 audiendi
1438 942 1496 985 qui

211 1001 321 1033 solent
346 1001 454 1033 dicere
481 1002 551 1033 Vox
562 1003 699 1043 populi,
729 1012 795 1032 vox
821 1002 899 1037 Dei,
930 1012 1007 1033 cum
1034 1001 1286 1034 tumultuositas
1303 1001 1392 1043 vulgi
1409 1011 1496 1035 sem-

210 1071 270 1102 per
293 1062 431 1092 insaniae
456 1062 609 1104 proxima
634 1062 689 1094 sit.
706 1072 725 1093 »
1423 1104 1427 1106 .
1460 1068 1462 1070 '

257 1121 308 1152 La
332 1122 494 1153 memoria
518 1121 605 1153 delle
630 1122 742 1153 buone
768 1127 872 1162 gesta,
896 1122 948 1153 dei
966 1121 1101 1162 glo'riosi
1117 1122 1193 1153 fatti
1210 1122 1305 1153 vince
1320 1121 1354 1153 la
1371 1125 1492 1160 morte,

210 1191 305 1212 come
330 1181 550 1222 simboleggib
574 1181 598 1212 il
624 1182 832 1213 PETRARCA
858 1181 912 1213 nel
943 1181 1086 1224 Trionfo
1110 1182 1203 1213 della
1226 1181 1346 1218 Fama,
1375 1191 1395 1214 e
1419 1191 1494 1224 spe-
1541 1171 1547 1179 ¹

210 1240 385 1272 cialmente
411 1246 544 1272 restano
570 1252 590 1272 a
615 1241 746 1273 serbare
771 1241 794 1272 il
820 1241 950 1273 ricordo
969 1242 1023 1273 dei
1040 1241 1184 1273 valorosi
1200 1241 1329 1273 uomini
1344 1241 1376 1273 le
1393 1251 1494 1284 opere

210 1300 254 1332 da
278 1301 343 1332 essi
369 1302 451 1332 fatte
475 1302 530 1332 nei
556 1302 665 1343 campi
691 1301 770 1332 dell'
785 1303 867 1338 arte,
897 1301 983 1333 delle
1009 1302 1149 1339 scienze,
1170 1300 1257 1333 delle
1280 1300 1410 1334 lettere.
1430 1301 1495 1333 Per

210 1361 261 1391 cui
288 1360 353 1392 ben
379 1366 504 1402 poteva
529 1361 598 1392 dire

216 1459 309 1497 188.
529 1497 532 1500 ,
552 1456 658 1497 Non
690 1456 840 1496 omnis
872 1456 1065 1497 morian>

825 1543 974 1577 (ΟιιΛΖιο,
996 1543 1067 1575 Odi,
1087 1541 1141 1568 lib.
1161 1541 1218 1574 111,
1237 1543 1287 1568 od.
1307 1542 1352 1574 30,
1370 1549 1400 1570 v.
1417 1542 1456 1577 ὁ).

209 1641 231 1672 il
257 1646 358 1683 poeta
382 1641 442 1673 che
461 1641 614 1674 nell'ode
631 1642 827 1680 medesima,
848 1643 982 1675 conscio
1005 1641 1059 1674 del
1077 1641 1189 1674 valore
1214 1640 1400 1683 dell‘opera
1416 1650 1488 1679 sua,

209 1711 313 1732 aveva
338 1701 431 1733 detto
457 1702 490 1732 di
516 1702 569 1732 se:

214 1810 227 1836 1
239 1798 307 1846 89.
402 1795 554 1851 Exegi
588 1803 938 1839 monumentum
971 1810 1074 1838 aere
1105 1796 1364 1850 perennius·

990 1885 1074 1917 (Odi,
1095 1884 1147 1910 lib.
1167 1883 1223 1915 111,
1242 1885 1294 1912 od.
1311 1884 1356 1914 30,
1376 1891 1403 1909 v.
1421 1883 1454 1917 1).

253 1981 486 2012 Giustamente
513 1981 546 2012 di
573 1987 706 2013 costoro
732 1982 801 2024 pub
826 1982 976 2024 ripetersi
1001 1980 1078 2023 quel
1104 1980 1165 2012 che
1193 1980 1247 2012 del
1277 1981 1490 2022 Romagnosi

206 2041 322 2072 scn'sse
336 2039 357 2070 il
372 2040 501 2071 Gmsn
517 2041 548 2071 in
564 2041 675 2081 quella
687 2051 746 2072 sua
761 2041 839 2073 fiera
856 2041 968 2079 satira,
983 2041 1035 2089 'La
1048 2044 1142 2072 terra
1155 2041 1214 2071 dei
1228 2041 1334 2071 morti
1347 2040 1418 2079 (str.
1435 2039 1486 2082 6):

213 2148 305 2187 190.
563 2135 754 2201 pisano,
788 2137 910 2189 dopo
943 2140 1091 2176 morto

564 2206 603 2246 E
635 2204 714 2258 piu
747 2207 857 2250 vivo
889 2206 936 2247 di
967 2205 1128 2259 prima.

211 2367 289 2400 188.
318 2368 398 2399 Non
426 2373 513 2399 tutto
540 2369 663 2400 mot-rc).

211 2422 289 2459 189.
317 2421 412 2453 Alzai
438 2432 482 2453 un
510 2428 728 2453 monumento
752 2423 810 2464 piu
837 2422 994 2454 durevole
1019 2422 1072 2454 del
1098 2421 1237 2454 bronzo.
