1578 2638
209 93 279 135 830
676 95 795 126 Indice
819 95 908 128 delle
922 93 1028 138 frasi
1051 68 1055 72 ·

205 232 278 264 Der
294 230 510 273 preussische
534 230 780 265 Schulmeister
796 231 857 264 hat
873 231 929 264 die
945 231 1108 265 Schlacht
1120 232 1177 265 bei
1192 231 1342 266 Sadowa
1353 242 1494 276 gewon-

254 289 335 312 nen.
367 278 470 321 1538.
1033 304 1036 309 .

206 326 390 359 Descriver
415 326 521 359 fondo
546 337 565 358 a
591 329 682 359 tutto
706 323 731 358 l’
741 327 916 360 universo.
945 335 1052 370 2031.

206 375 278 407 Des
304 374 476 407 malheurs
502 374 611 406 evites
635 374 667 406 le
693 375 850 407 bonheur
875 385 912 407 se
935 386 1110 419 compose.
1139 383 1222 419 495.

206 423 260 454 De
285 433 420 455 summo
445 422 582 465 planus,
610 422 671 455 sed
696 433 766 455 non
792 433 855 464 ego
881 423 1004 466 planus
1029 424 1066 456 in
1090 423 1174 457 imo.
1205 423 1309 466 1746.

205 470 422 503 Detestables
450 470 614 509 flattems,
644 472 782 512 present
806 471 838 503 le
863 471 940 514 plus
973 472 1106 504 funeste
1127 471 1133 516 Ι
1155 471 1232 515 Que
1262 471 1379 515 puisse
1410 470 1493 504 faire

252 529 319 550 aux
344 519 424 550 rois
440 518 473 550 la
497 518 608 550 colere
633 518 771 551 celeste.
804 519 908 552 1601.

204 566 259 598 De
284 570 397 599 tontes
428 566 549 598 choses
580 576 624 598 ne
654 577 688 598 m
694 564 763 599 ’est
788 567 949 599 demeare
983 577 1050 610 que
1079 564 1103 599 1’
1115 566 1273 600 honneur
1305 570 1340 600 et
1371 567 1405 600 la
1437 567 1493 600 vie

252 615 312 656 qui
337 618 390 647 est
414 613 545 647 saulve.
577 622 681 656 1310.

204 662 258 694 De
283 666 359 695 tout
383 667 494 704 temps
517 660 522 707 Ι
544 662 611 694 Les
628 662 730 704 petits
747 666 810 694 ont
826 663 897 705 pati
914 663 973 695 des
991 662 1128 695 sottises
1146 663 1206 696 des
1223 662 1362 705 grands.
1385 669 1489 705 1377.

203 710 300 742 Deus
326 711 361 742 in
386 709 500 742 medio
526 710 598 742 eius
624 721 696 742 non
721 711 1006 743 commovebitur.
1034 718 1117 753 327.

203 758 300 790 Deus
326 758 427 790 nobis
454 757 528 790 haec
554 758 624 790 otia
647 758 737 791 fecit.
770 759 874 800 1679.

204 806 451 844 Deutschland,
481 806 714 838 Deutschland
738 807 822 839 iiber
847 807 941 839 alles.
974 806 1077 847 1896.

203 854 338 886 Devine
364 855 393 886 si
419 858 456 886 tu
482 864 571 896 peux
597 859 631 886 et
656 854 782 886 choisis
808 855 838 887 si
863 859 900 887 tu
925 852 1044 887 l’oses.
1073 863 1179 895 2119.

202 902 289 934 Dice
312 902 346 934 la
370 902 471 934 turba
496 901 528 933 al
554 902 601 933 vil
626 902 806 943 guadagno
830 903 952 936 intesa.
986 902 1089 942 1667.

201 950 348 992 Dicique
361 951 482 982 beatus
504 950 510 992 Ι
531 952 625 982 Ante
639 951 772 987 obitum
786 960 888 983 nemo
903 960 1129 993 supremaque
1141 949 1260 982 funera
1274 949 1389 982 debet.
1407 956 1488 992 519.

202 997 343 1031 Dictum
369 998 515 1040 sapienti
541 1003 593 1030 sat
617 1003 681 1031 est.
714 1006 817 1031 1110.

200 1046 313 1078 Diem·
329 1046 476 1088 perdidi.
508 1045 611 1087 1098.

200 1094 266 1126 Die
291 1094 423 1126 Politik
449 1094 508 1126 der
533 1094 639 1126 sreien
664 1094 784 1127 Hand.
815 1094 897 1134 677.

202 1142 270 1174 Die
295 1142 427 1174 Politik
451 1142 497 1173 ist
521 1141 622 1174 keine
646 1142 768 1174 exakte
792 1141 1058 1174 Wissenschast.
1088 1141 1171 1183 685.

199 1190 266 1222 Die
290 1190 443 1223 sch6nen
469 1190 563 1231 Tage
588 1190 624 1221 in
649 1191 822 1232 Aranjuez
845 1190 850 1234 Ι
873 1190 959 1222 Sind
984 1200 1056 1222 nun
1081 1200 1124 1221 zu
1149 1188 1263 1221 Ende.
1293 1195 1375 1230 501.

201 1238 285 1270 Dies
310 1238 384 1278 irae,
411 1237 484 1269 dies
510 1237 580 1270 illa.
609 1237 691 1278 289.

201 1286 285 1318 Dies
311 1286 378 1318 mei
403 1286 491 1318 sicut
515 1286 637 1318 umbra
661 1285 930 1317 declinaverunt.
961 1284 1043 1327 848.

200 1334 267 1366 Die
293 1334 410 1366 Sonne
435 1333 516 1375 geht
540 1334 576 1365 in
601 1331 747 1365 meinem
773 1333 869 1366 Staat
893 1333 988 1365 nicht
1012 1336 1125 1365 unter.
1158 1339 1260 1374 1042.

200 1382 267 1414 Die
292 1383 406 1414 Toten
431 1382 536 1413 reiten
564 1381 708 1414 schnell.
736 1388 819 1422 927.

199 1430 321 1462 Dietro
347 1427 371 1461 1'
381 1430 493 1462 avello
516 1429 522 1473 Ι
543 1430 589 1461 Di
614 1429 844 1461 Machiavello
867 1428 872 1472 Ι
895 1429 1024 1461 Dorme
1048 1428 1082 1460 lo
1108 1427 1275 1460 scheletro
1297 1424 1302 1472 Ι
1324 1426 1370 1458 Di
1389 1426 1487 1459 Sten-

248 1477 380 1510 terello.
410 1485 492 1520 245.
1410 1499 1416 1503 Α

198 1525 302 1565 Dieu,
329 1523 416 1558 c’est
441 1525 472 1557 le
498 1524 579 1557 mal.
611 1532 714 1567 1459.

198 1573 290 1606 Dieu
315 1577 349 1606 et
373 1583 455 1605 mon
481 1573 586 1605 droit.
618 1580 720 1614 1374.

198 1621 288 1654 Dieu
314 1632 368 1654 me
392 1619 441 1654 l'a
465 1621 618 1653 donnee·
647 1620 750 1662 garde
775 1621 795 1651 ἐι
820 1620 877 1662 qui
905 1630 925 1662 y
952 1618 1263 1660 toucbera.1243.

198 1669 288 1702 Dieu
314 1671 455 1712 protege
480 1670 512 1701 la
537 1669 680 1701 France.
714 1676 816 1709 1434.

198 1717 344 1758 Disatto,
372 1718 465 1759 dopo
490 1721 603 1749 morto
628 1717 646 1748 ὲ
671 1716 731 1758 pin
756 1716 839 1747 vivo
865 1715 900 1746 di
925 1715 1046 1762 prima.
1078 1722 1158 1755 190.

196 1765 314 1798 Disesa
350 1765 495 1806 miglior,
522 1762 577 1796 cb’
588 1765 736 1805 usbergo
769 1774 787 1795 e
820 1763 927 1795 sendo
950 1763 955 1805 Ι
977 1763 1008 1794 E
1037 1762 1068 1794 la
1102 1765 1198 1794 santa
1230 1761 1420 1793 innocenza
1451 1759 1483 1791 al

246 1817 342 1856 petto
367 1813 510 1854 ignudo.
544 1819 647 1854 1774.

198 1859 349 1894 Difficile
374 1865 425 1893 est
451 1861 588 1893 satiram
614 1870 685 1892 non
711 1859 871 1891 scribere.
901 1857 1006 1890 2081.

198 1907 244 1938 Di
270 1909 383 1942 Giuda
406 1909 431 1941 il
457 1910 553 1940 Leon
577 1918 648 1940 non
673 1917 758 1939 anco
784 1907 802 1938 ὲ
828 1910 952 1938 morto.
981 1913 1064 1946 997.

196 1955 343 1998 Dignus,
373 1956 497 1998 dignus
522 1960 574 1988 est
599 1959 732 1987 entrare
754 1954 759 1997 Ι
782 1955 821 1986 In
849 1959 968 1986 nostro
993 1953 1095 1985 docto
1121 1961 1275 1994 corpore.
1304 1950 1410 1992 2183.

197 2003 256 2036 Dii
280 2005 413 2036 lanatos
438 2005 542 2047 pedes
568 2004 708 2035 habent.
739 2009 821 2043 279.

197 2051 255 2084 Dii
282 2053 383 2084 talem
410 2053 507 2084 terris
534 2052 676 2084 avertite
702 2055 845 2093 pestem.
876 2048 982 2089 2078.

196 2099 310 2132 Dilexi
333 2100 517 2143 justitiam,
545 2104 578 2131 et
612 2099 706 2131 odivi
739 2098 968 2140 iniquitatem,
996 2100 1176 2138 propterea
1201 2094 1330 2127 morior
1354 2093 1390 2125 in
1415 2091 1484 2124 exi-

245 2148 304 2180 lio.
335 2148 417 2180 601.

196 2193 242 2225 Di
268 2195 346 2227 libri
372 2196 470 2227 basta
495 2205 565 2227 uno
591 2204 650 2236 per
676 2194 783 2226 volta.
816 2199 871 2232 27.

195 2241 327 2284 Diliges
352 2244 497 2274 amicum
525 2247 621 2275 tuum
648 2242 733 2273 sicut
761 2241 919 2282 teipsum.
948 2240 1006 2279 67.

196 2289 322 2323 Dimmi
350 2291 427 2333 quel
454 2290 514 2322 che
541 2291 651 2330 mangi
678 2300 695 2321 e
722 2290 744 2321 ti
771 2289 843 2320 diro
870 2288 920 2320 chi
948 2289 1007 2319 sei.
1041 2287 1142 2327 1699.

196 2337 338 2371 Dinanzi
365 2351 384 2370 ι
411 2339 478 2369 1)ἰο
505 2349 521 2369 e
548 2338 613 2369 alla
638 2338 739 2369 storin
764 2337 795 2368 Ia
822 2337 887 2367 mia
912 2336 1083 2367 coscienza
1109 2335 1126 2365 ὲ
1151 2331 1381 2375 pura.1886.

197 2385 265 2419 Dio
291 2384 374 2418 dell’
384 2396 422 2418 or
445 2388 450 2428 1
473 2385 538 2417 Del
566 2385 694 2417 mondo
719 2385 846 2425 signor.
877 2382 958 2425 356.

197 2433 265 2466 Dio
291 2445 344 2466 me
370 2431 393 2466 l’
404 2434 448 2466 ha
474 2434 565 2472 data,
594 2433 670 2473 guai
697 2444 715 2463 a
740 2431 794 2463 chi
820 2431 852 2462 ln
877 2430 992 2462 toccn!
1026 2437 1127 2470 1243.

1565 1656 1578 1818 ΑΔΕ-Λᾶς-
1567 1617 1578 1638 Δ·-
