1578 2638
530 105 652 137 lnam
673 105 764 137 aeae
777 76 927 148 ραι
997 122 1002 123 ⁷
1275 86 1342 147 875

62 238 186 273 Potius
207 239 354 273 micum
379 250 483 283 qum
506 240 637 274 dietum
659 239 808 284 perdidi.
837 246 872 280 7.

63 286 187 320 Potius
210 288 299 320 mori
322 298 426 330 quam
450 287 586 321 foedari.
619 289 723 330 1784.

64 336 157 368 Pour
179 335 243 368 elle
266 346 314 368 un
339 337 499 379 Franeais
522 335 595 368 doit
618 336 757 368 mom-ir.
786 342 869 377 724.

62 383 159 416 Pomr
180 382 265 415 faire
287 383 321 415 la
343 393 464 425 guerre
491 393 574 415 avec
602 384 730 419 succes.
758 383 844 416 trois
872 382 993 416 chose·
1015 387 1097 416 sont
1126 383 1346 417 absolument
1379 382 1384 387 '

109 431 336 463 nece-saites:
354 431 628 473 premierement,
648 431 692 463 de
713 428 876 472 Pau-genu
897 430 1184 471 deuxiemement,
1203 431 1247 464 de
1263 429 1344 464 l’ar-

108 481 210 520 gent;
238 482 273 511 et
298 478 578 518 troisiemement,
604 478 647 510 de
669 476 830 520 l’argent.
858 478 941 520 695.

62 526 158 558 Ponr
184 525 235 558 les
263 526 410 566 vaincre‚
440 537 527 569 pour
557 526 606 558 les
636 530 777 559 atterrer
807 536 875 568 que
899 525 1039 559 saut—il?
1066 526 1073 570 Ι
1094 526 1148 559 De
1172 523 1340 560 l’audace.

115 580 221 614 1192.

62 621 157 653 Pour
180 621 316 662 reparer
341 621 401 653 des
426 631 488 653 ans
512 618 748 664 l’irreparable
771 625 924 662 outrage.
957 629 1034 663 144.

62 669 157 700 Pour
180 666 337 700 s’etablir
362 669 447 701 dans
472 668 503 700 le
529 668 668 700 monde.
699 677 803 710 1423.

65 717 201 748 Pourvu
226 716 331 758 qu’ils
356 718 518 748 tiennent.
550 716 653 756 1876.

64 765 194 796 Povera
219 764 350 796 breccia
373 764 408 796 di
432 775 476 796 un
502 764 632 806 piceolo
658 774 767 796 muro.
801 773 902 805 1003.

62 812 198 844 Povera
222 821 242 843 e
266 811 359 844 nuda
383 812 453 852 vai,
479 811 658 844 Filosofia.
691 811 795 850 1667.

62 858 189 891 Poveri
213 859 311 891 stati!
339 859 480 891 avvezzi
503 870 524 891 a
546 869 620 891 nun
643 856 688 891 sa’
703 859 831 891 niente.
864 859 967 899 1306.

66 907 184 938 Poveri
209 907 358 947 ragazzi!
391 906 493 948 1885.

63 954 189 986 Poveri
213 954 305 986 versi
329 954 407 986 miei
431 954 551 996 gettati
575 954 607 986 al
633 958 751 987 vento.
784 954 887 995 1643.

66 1002 164 1033 Prete
189 1002 276 1033 Pero
301 1003 319 1033 ὲ
344 1013 389 1033 un
414 1002 505 1034 buon
539 1002 707 1040 cristiano,
732 1002 738 1045 Ι
767 1003 875 1039 Lieto‚
903 1003 1074 1044 semplice,
1102 1002 1168 1034 alla
1193 1013 1316 1040 mano:

112 1049 199 1080 Vive
224 1059 243 1080 e
267 1049 369 1081 lascia
394 1050 515 1081 vivere.
543 1057 649 1091 2143.

64 1096 181 1128 Prima
203 1101 256 1128 est
279 1096 485 1139 eloquentiae
510 1097 620 1129 virtus
646 1096 883 1139 perspicuitas.
915 1097 1019 1138 1647.

63 1143 179 1176 Prima
214 1145 317 1186 sputo
353 1148 404 1176 tre
442 1143 548 1184 volte,
583 1143 642 1187 poi
677 1145 762 1176 tossi
783 1143 789 1187 Ι
811 1144 890 1176 Indi
922 1155 942 1176 a
974 1144 1106 1187 pariare
1142 1145 1346 1178 incomincio

111 1191 196 1224 cosi.
226 1198 332 1232 ²¹39-

63 1238 183 1270 Primo
206 1239 339 1278 avolso,
367 1249 437 1270 non
462 1239 578 1271 deficit
602 1239 699 1271 alter.
733 1239 834 1280 1967.

63 1286 182 1318 Primo
206 1285 341 1318 soldato
366 1284 711 1329 dell'indipendenza
735 1286 885 1319 italiana.
918 1288 1021 1327 1248.

63 1333 218 1377 Primum
242 1334 372 1374 vivere,
398 1334 521 1366 deinde
546 1334 794 1376 philosophari.
827 1342 928 1374 1411.

65 1381 201 1413 Primus
224 1381 260 1413 in
285 1382 368 1414 orbe
393 1382 488 1414 Deos
513 1382 591 1414 feeit
615 1383 730 1414 timor.
764 1389 868 1424 1451.

62 1429 296 1472 Principatum
322 1439 360 1461 ac
384 1429 587 1462 libertatem.
616 1430 698 1470 629.

63 1476 280 1519 Principibus
306 1477 473 1518 placuisse
498 1477 581 1509 viris
605 1487 675 1509 nou
701 1476 821 1509 ultima
845 1476 919 1508 laus
944 1480 1008 1509 est.
1042 1480 1146 1519 1406.

62 1523 244 1566 Principiis
268 1524 388 1556 obsta:
416 1535 492 1556 sero
518 1525 684 1556 medicina
709 1529 846 1567 paratur
868 1525 873 1568 Ι
895 1524 1010 1566 Quum
1036 1525 1125 1557 mala
1147 1535 1207 1567 per
1224 1524 1344 1568 longas

110 1571 314 1604 convaluere
339 1582 465 1604 moras.
498 1580 599 1614 1330.

65 1619 135 1651 Pro
158 1619 226 1651 aris
250 1623 284 1651 et
308 1619 404 1652 focis.
439 1626 541 1660 1139.

64 1667 223 1700 Probitas
248 1666 406 1699 laudatur
430 1672 463 1699 et
488 1666 589 1708 alget.
624 1675 726 1708 1312.

63 1714 133 1747 Pro
157 1718 259 1757 captu
283 1714 418 1746 lectoris
444 1714 571 1746 habent
596 1724 659 1746 sua
684 1714 750 1746 sata
776 1714 895 1747 libelli.
920 1722 974 1757 15.

64 1761 189 1794 Procul
215 1762 258 1794 ol
287 1762 406 1804 procul
431 1766 502 1794 este
527 1762 673 1804 profani.
707 1770 809 1802 1932.

65 1809 135 1842 Pro
159 1809 264 1841 domo
289 1819 362 1842 sua.
393 1817 497 1841 2011.

64 1856 222 1889 Profecto
246 1858 336 1889 enim
363 1857 433 1889 vita
457 1856 572 1897 vigilia
597 1861 661 1888 est.
690 1856 772 1898 856.

65 1904 202 1936 Proseta
223 1902 230 1945 Ι
252 1902 317 1936 De'
331 1904 435 1935 dauni
463 1904 551 1942 miei,
581 1908 617 1936 tu
644 1914 707 1946 pur
733 1901 787 1935 de’
804 1904 875 1936 tuoi
901 1904 957 1936 uo}
985 1905 1077 1937 sosii.
1111 1913 1213 1947 1340.

64 1951 307 1993 Progredimur
330 1962 401 1994 quo
426 1951 519 1983 ducit
544 1961 714 1993 quemque
740 1950 912 1994 voluptas.
942 1960 1000 1993 30.

66 1998 232 2031 Proletari
258 1999 292 2030 di
319 1999 397 2031 tutti
423 1999 432 2029 i
459 1999 566 2041 paesi,
594 1999 737 2031 unitevi.
766 2000 848 2041 655.

65 2044 268 2078 Proletarier
291 2046 374 2078 aller
399 2046 546 2085 Laudem
574 2046 739 2087 vereinigt
765 2046 876 2079 Euch.
904 2047 986 2087 655.

67 2094 246 2125 Promissio
271 2094 348 2125 boni
379 2095 435 2125 w‘ri
455 2100 503 2125 est
529 2093 703 2134 obligatio.
734 2095 816 2133 Pag.
841 2102 921 2125 xm.

56 2140 268 2181 'Prophetins
294 2141 400 2173 nolite
426 2150 596 2182 spernere.
628 2149 731 2182 1339.

68 2189 207 2230 Propter
232 2190 375 2230 speciem
402 2189 548 2219 mulieris
573 2189 667 2220 multi
694 2190 875 2231 perierunt.
904 2191 986 2229 381.

67 2236 210 2276 Propter
236 2235 340 2267 vitam
367 2236 504 2267 vivendi
531 2235 672 2278 perdere
697 2246 847 2268 caussas.
881 2238 982 2277 1769.

67 2283 158 2323 Πρὸς
192 2282 259 2323 γὰρ
290 2285 330 2315 τὸ
361 2282 565 2315 τιλευταῑον
600 2283 705 2324 ἐκβὰν
740 2284 894 2316 ἕκαστον
918 2286 988 2317 τῶν
1013 2285 1090 2327 πρὶν
1116 2285 1342 2327 ὑπαρξάντων

113 2330 280 2370 aptum.
309 2337 391 2370 433.

69 2378 230 2419 Prospera
254 2387 370 2409 omnes
395 2378 455 2408 sibi
484 2378 663 2409 vindicant.
694 2385 774 2419 705,

65 2425 270 2466 Prosperum
297 2435 334 2456 ac
360 2424 436 2456 felix
464 2425 573 2456 scelus
594 2425 601 2467 Ι
626 2425 744 2457 Virtus
771 2431 923 2458 vocatur.
956 2426 1057 2467 1804.
