1578 2638
247 74 314 116 528
741 75 914 110 chima
937 75 1057 108 aeuo?
1101 66 1108 74 '
1200 52 1536 122 -lff‘ki'sfizamqo1
1562 44 1578 83 .‘

246 222 265 244 e
297 222 366 245 non
398 212 498 244 vuole
527 222 636 245 essere
664 212 817 252 alterata,
848 223 1029 246 nemmeno
1057 222 1118 256 per
1144 212 1384 254 magnificaris,
1404 211 1536 257 poiche
1573 195 1576 199 ⁸

244 272 268 303 l'
281 274 513 313 esagerazione
538 273 646 311 viene,
674 272 740 305 alla
764 272 811 305 fin
836 273 891 305 dei
915 273 1019 311 conti,
1043 261 1067 305 'a
1091 259 1256 316 predurre
1278 274 1314 306 in
1338 272 1391 307 chi
1407 273 1536 307 asculta

246 331 269 362 l’
283 332 398 364 effetto
424 334 611 365 contrario:

253 423 377 472 1567.
410 419 486 463 On
514 419 712 462 affaiblit
733 421 941 475 toujours
962 401 1065 462 tent
1085 433 1137 462 ce
1158 420 1298 476 qu’on
1319 418 1534 476 exagere.

911 499 972 532 (LA
993 499 1124 532 Hamm,
1141 498 1289 532 Milante,
1307 507 1335 527 ι..
1354 498 1379 531 1,
1398 506 1443 525 sc.
1465 500 1499 530 1).

295 593 363 624 Pur
393 598 516 635 troppo
544 592 577 624 13
607 594 709 625 verit&
738 603 805 624 uon
832 603 852 624 a
882 594 959 624 tutti
985 593 1092 635 piace,
1121 602 1140 624 e
1165 590 1218 624 chi
1242 591 1276 624 la
1299 591 1373 624 dice
1396 591 1431 626 in
1455 591 1534 632 ogni

246 653 450 684 circostanza
476 652 559 684 deve
585 653 770 694 prepararsi
797 652 840 683 ad
866 662 963 684 avere
989 652 1085 684 molti
1110 652 1243 690 nemici,
1270 651 1382 693 perci&
1407 652 1435 684 si
1459 649 1534 683 suol

246 713 387 754 ripetere
412 711 494 744 che:

252 803 375 854 1568.
410 800 697 856 Obsequium
730 802 915 850 amicos,
950 802 1119 842 veritas
1149 801 1308 843 odium
1339 799 1473 854 parit.

831 882 1024 915 (szmzxo,
1043 881 1178 915 Andria,
1195 888 1222 908 a.
1242 880 1266 914 I,
1286 889 1331 908 sc,
1353 881 1375 914 1,
1394 889 1424 907 v.
1442 881 1498 915 ⁶8).

245 979 354 1006 motto
379 985 457 1006 caro
482 975 736 1013 all'ARET1N0‚
765 975 788 1006 il
814 975 914 1016 quale
938 975 972 1006 lo
998 975 1129 1015 suggeri
1153 985 1174 1006 a
1192 974 1222 1006 F
1222 983 1381 1006 rancesco
1399 973 1533 1006 Marco·

244 1033 315 1072 lini,
344 1045 407 1066 suo
427 1034 527 1066 solito
545 1040 751 1077 stampatore
768 1034 810 1066 ed
828 1035 949 1073 amico,
970 1044 1066 1066 come
1082 1035 1229 1076 impresa
1243 1033 1298 1065 de’
1313 1033 1389 1065 libri
1405 1032 1460 1065 ch’
1469 1031 1534 1073 egli
1567 1047 1574 1050 ·

244 1094 460 1136 pubblicava,
489 1105 507 1125 e
533 1094 566 1125 lo
592 1095 674 1126 mise
699 1093 806 1126 anche
825 1095 859 1125 in
877 1093 996 1126 alcune
1013 1093 1178 1134 medaglie
1196 1093 1328 1125 coniate
1343 1093 1378 1124 in
1397 1092 1534 1135 proprio
1573 1109 1578 1129 ;

245 1164 369 1192 onore;
400 1164 418 1185 e
443 1154 473 1185 F
475 1162 699 1185 ONTENELLE
725 1158 957 1194 argutamente
984 1153 1120 1185 diceva:

252 1258 263 1284 1
277 1246 374 1296 569.
409 1243 459 1284 Si
478 1244 526 1298 je
547 1243 695 1285 tenais
715 1249 866 1285 tontes
887 1244 953 1285 les
975 1240 1143 1284 vetites
1161 1243 1278 1284 dans
1299 1256 1374 1284 ma
1393 1241 1532 1291 main,

464 1316 512 1369 je
547 1329 621 1356 me
652 1315 897 1356 donnerais
928 1315 1036 1356 bien
1068 1315 1126 1356 de
1152 1314 1302 1369 ‘garde
1332 1314 1391 1355 de
1419 1313 1534 1361 l’ou-

468 1388 563 1429 vrir
594 1400 711 1441 pour
741 1388 807 1428 les
838 1385 1082 1428 diecouvrir
1113 1401 1206 1428 aux
1238 1387 1460 1428 hommes.

246 1503 310 1533 Per
334 1503 398 1548 cui
413 1512 512 1533 senza
537 1502 717 1544 possedere
743 1502 765 1533 l’
780 1508 850 1533 arte
869 1501 924 1533 del
944 1502 1095 1538 mentire,
1117 1511 1137 1532 o
1155 1500 1288 1532 almeno
1306 1499 1360 1532 del
1376 1499 1532 1532 dissimu-

244 1562 324 1600 lare,
352 1563 371 1593 ὲ
396 1562 461 1594 ben
488 1561 623 1593 difficile
647 1562 680 1593 di
708 1562 817 1593 vivere
842 1562 875 1592 in
901 1562 981 1592 certi
1006 1560 1180 1599 ambienti,
1208 1560 1242 1591 di
1267 1560 1346 1593 farsi
1367 1558 1480 1592 strada
1497 1559 1552 1602 in¹>

243 1627 332 1653 certe
356 1622 533 1663 posizioni.
562 1621 603 1653 L’
617 1622 728 1653 antica
753 1621 881 1659 Roma,
911 1621 1042 1652 sentina
1058 1620 1092 1652 di
1110 1621 1185 1658 vizi,
1205 1620 1318 1651 sucina
1334 1619 1369 1650 d’
1382 1617 1528 1659 inuighi‚

243 1691 299 1712 era
324 1681 393 1712 cosi
418 1687 537 1721 guasta
560 1682 590 1712 ai
611 1682 714 1723 tempi
732 1681 765 1712 di
786 1680 1024 1718 GIOVENALE,
1046 1679 1107 1712 che
1124 1681 1234 1722 questi
1250 1680 1277 1711 si
1295 1678 1542 1710 domandavat‘

251 1783 374 1822 1570.
408 1769 533 1823 Quid
566 1770 734 1811 Romae
768 1769 961 1810 faciam?
993 1767 1183 1810 Mentiri
1215 1767 1381 1809 nescio.

1173 1849 1295 1883 (Satira
1315 1848 1371 1877 111.
1390 1855 1420 1874 v.
1438 1847 1495 1881 41).

243 1943 402 1975 Tuttavia
420 1943 441 1974 l'
447 1953 551 1975 nomo
565 1944 693 1975 sincero
707 1954 724 1974 e
737 1943 821 1975 leale
834 1943 962 1983 rifugge
976 1942 1065 1974 dalla
1075 1951 1262 1982 menzogna
1273 1940 1379 1972 anche
1392 1949 1483 1982 quam

244 2002 275 2034 la
302 2004 403 2035 vex-itii
430 2003 593 2045 potrebbe
618 2003 853 2046 procacciargli
879 2003 931 2034 dci
959 2003 1079 2039 calcei,
1108 2001 1227 2045 poiche
1254 2001 1355 2034 dicesi
1384 2009 1467 2042 pure
1494 1999 1518 2008 '⁷

244 2063 443 2104 proverbio:

248 2204 350 2246 1567.
380 2205 412 2235 Si
439 2204 643 2236 indebolisce
670 2215 799 2247 sempre
825 2204 902 2246 quel
929 2204 990 2236 che
1015 2205 1042 2236 si
1067 2213 1215 2243 esagera.

247 2257 349 2300 1568.
374 2258 422 2289 La
448 2258 735 2290 condiscendenza
758 2268 878 2298 genera
895 2257 939 2299 gli
959 2258 1069 2295 amici,
1090 2257 1122 2288 la
1141 2256 1243 2288 verit&
1260 2264 1380 2296 genera
1397 2253 1420 2286 1’
1479 2252 1488 2262 ⁸

249 2311 350 2353 1569.
379 2311 421 2342 Se
447 2313 479 2342 io
500 2313 620 2343 tenessi
641 2311 755 2343 chiuse
772 2311 860 2343 nella
877 2312 943 2343 mia
963 2322 1063 2343 mano
1082 2315 1166 2342 tutte
1183 2309 1214 2341 le
1233 2309 1347 2346 veria,
1369 2308 1413 2340 mi

424 2365 512 2396 derei
539 2365 624 2397 bene
650 2364 867 2407 dall’aprirla
893 2375 951 2407 per
978 2363 1126 2396 rivelarle
1151 2363 1215 2404 agli
1242 2363 1382 2394 nomini.

248 2426 349 2460 1570.
379 2418 450 2450 Che
475 2429 554 2450 cosa
580 2419 651 2450 fare,
677 2430 695 2449 a
723 2419 859 2450 Roma?
889 2418 968 2450 Non
996 2429 1034 2449 so
1059 2418 1211 2449 mentire.
