1578 2638
286 188 409 227 11-80.
502 183 673 234 Adieu,
707 185 856 235 adieu,
889 198 969 240 my
999 183 1159 227 native
1186 168 1335 229 shdoe.
1361 183 1424 241 ³52⁵)
1475 194 1531 221 1
1551 199 1560 229 ς

849 266 988 301 (amon,
1010 265 1120 294 Claude
1136 265 1298 294 Horolaes
1315 263 1539 303 Pilg'rfmge.

887 316 912 334 c.
932 309 954 340 1,
974 309 1060 342 dopo
1078 307 1111 335 ln
1129 309 1185 335 etr.
1206 307 1260 342 13),

282 406 349 427 uon
375 396 472 438 potrz'ae
498 397 564 427 mai
590 395 831 433 dimenticarla,
859 393 998 437 ροίοἰιὲ.

289 482 411 520 1181.
504 478 639 519 Dove
670 478 756 519 che
786 491 941 533 venga
970 478 999 518 1’
1011 477 1137 518 esule

565 549 757 604 Sempre
787 550 849 590 ha
878 550 923 590 la
953 549 1103 603 patria
1133 549 1182 590 in
1213 561 1304 591 cor.

991 616 1170 663 (Bzhemz‘r,
1190 629 1236 658 Le
1247 629 1399 667 santensi«,
1418 633 1473 656 stt.
1495 630 1529 670 1).

283 721 502 753 Nondimeno
527 722 665 753 avviene
691 721 751 752 che
776 721 799 752 l’
813 721 904 753 esule
930 720 991 753 che
1009 721 1105 752 trovb
1123 725 1214 752 sotto
1232 720 1318 753 altro
1334 719 1418 752 cielo
1433 719 1468 752 la
1481 729 1565 762 pace

283 791 301 812 e
325 781 359 812 la
383 781 519 812 fortuna
545 780 606 812 che
630 781 663 812 la
687 781 795 823 patn'a
820 782 985 821 matrigna
1009 780 1053 821 gli
1075 785 1223 820 eontese,
1242 789 1312 811 non
1328 780 1514 822 rimpianga.
1531 778 1565 810 di

283 851 360 872 aver
386 845 517 872 cereato
543 845 629 872 terra
654 841 712 882 pin
738 840 894 880 benigna.
923 840 1063 882 Troppo
1088 849 1205 882 spesso
1230 839 1256 871 si
1282 838 1414 871 verifica
1437 838 1471 870 la
1491 847 1566 871 sen·

286 906 382 932 tenza
407 900 462 932 del
486 900 642 941 Vangelo
668 900 749 932 che:

290 999 303 1025 1
320 987 413 1025 182.
442 984 592 1025 Nemo
611 984 838 1038 propheta
860 989 1076 1038 acceptus
1097 989 1165 1024 est
1185 984 1232 1024 in
1253 981 1403 1037 patria
1422 995 1518 1023 sua.

712 1065 847 1101 (Evang.
871 1065 907 1091 di
928 1066 959 1091 S.
983 1064 1079 1097 Luca,
1102 1073 1170 1099 cap.
1191 1063 1246 1097 1V,
1265 1072 1295 1090 v.
1308 1064 1437 1096 243-33
1450 1064 1532 1091 Mat—

746 1109 804 1138 teo,
833 1114 901 1140 cap.
926 1106 1012 1139 xm,
1038 1115 1066 1132 v.
1095 1107 1126 1138 7;
1145 1121 1163 1127 ·
1181 1106 1212 1134 S.
1237 1106 1357 1139 Marco,
1381 1113 1452 1140 cap.
1474 1104 1532 1138 VI,

748 1157 776 1173 v.
796 1149 845 1180 245
859 1164 876 1169 -
888 1149 919 1174 S.
941 1148 1112 1180 Gioranni,
1132 1154 1201 1182 cap.
1220 1147 1277 1180 lV,
1295 1154 1378 1174 vers.
1395 1146 1452 1180 4⁴).

284 1246 301 1266 e
328 1235 382 1267 del
409 1241 498 1267 resto
524 1236 542 1267 ὲ
567 1235 672 1267 anche
700 1245 777 1267 vero
803 1234 882 1266 che:

291 1333 304 1359 1
320 1333 334 1359 1
345 1322 370 1360 8
376 1333 414 1370 3.
429 1317 581 1359 Omne
594 1318 743 1359 solum
757 1317 863 1359 forti
875 1318 1025 1371 patria
1037 1323 1106 1359 est
1119 1323 1171 1359 ut
1183 1317 1386 1371 piscibus
1396 1329 1567 1371 aequor.

1013 1399 1156 1432 (omno,
1174 1399 1275 1432 Fam,
1294 1398 1349 1426 nb.
1368 1397 1392 1430 1,
1411 1405 1440 1432 v,
1458 1398 1533 1431 493).

285 1502 319 1530 o,
342 1501 437 1522 come
455 1490 529 1522 dice
549 1491 721 1522 PACUVIO
739 1500 855 1532 presso
875 1490 1071 1522 CICERONE
1093 1489 1252 1529 (Tuscul.
1274 1488 1430 1530 Dt'sput„
1453 1495 1487 1530 5,
1507 1494 1565 1530 37,

292 1550 367 1591 108)
385 1562 392 1588 ;
417 1561 436 1582 «
451 1550 572 1592 Itaque
590 1550 633 1581 ad
651 1560 786 1581 omnem
803 1551 965 1581 rationem
983 1550 1103 1581 Teucri
1122 1559 1187 1580 vox
1204 1548 1415 1580 accomodari
1432 1552 1565 1590 potest:

288 1611 408 1641 Patria
425 1614 475 1641 est
490 1611 699 1651 ubicumque
715 1614 765 1641 est
780 1611 870 1645 bene,
887 1619 906 1640 »
921 1620 940 1641 e
954 1609 1106 1641 SENECA
1123 1609 1188 1649 (De
1201 1609 1328 1640 remed.
1334 1605 1441 1651 fhrt„
1460 1606 1494 1646 8,
1514 1607 1543 1648 1)
1557 1617 1565 1638 :

287 1670 402 1701 N'ulla
419 1674 514 1701 terra
531 1670 678 1700 exilium
696 1673 754 1704 est,
776 1670 836 1700 sed
850 1670 961 1700 altera
972 1669 1105 1710 patria,
1127 1678 1145 1700 e
1158 1669 1218 1710 piu
1230 1667 1314 1700 oltre
1331 1667 1440 1708 (ihm.
1460 1665 1493 1706 8,
1510 1667 1543 1707 2)
1557 1676 1565 1698 t

287 1730 408 1760 Patria
433 1733 492 1764 est,
523 1730 731 1770 ubicumque
755 1729 836 1759 bene
860 1732 920 1759 est.

335 1790 365 1820 E
391 1790 446 1830 poi
474 1790 507 1820 in
525 1794 646 1830 questo
664 1788 776 1820 secolo
795 1789 995 1819 umanitario
1011 1788 1045 1818 in
1065 1787 1118 1818 cui
1135 1787 1146 1818 i
1163 1787 1272 1818 Latini
1291 1795 1432 1818 corrono
1451 1784 1495 1816 ad
1512 1785 1569 1816 ab·

288 1850 460 1879 bracciare
485 1849 515 1879 z'l
544 1848 698 1883 Tartaro,
729 1858 825 1879 come
850 1848 966 1879 scrisse
991 1847 1014 1878 il
1040 1847 1163 1884 ffiusti,
1188 1845 1209 1878 il
1227 1850 1324 1878 santo
1341 1855 1442 1877 nome
1458 1844 1492 1876 di
1510 1853 1570 1886 pa-

290 1909 350 1939 tria
375 1919 434 1949 per
460 1908 554 1939 molti
580 1918 648 1939 non
674 1907 717 1938 ha
741 1908 800 1949 piu
826 1917 936 1945 senso,
957 1907 1151 1948 spariscono
1168 1906 1198 1938 le
1216 1906 1384 1943 frondere,
1406 1914 1501 1936 come
1517 1904 1571 1944 gi&

290 1967 355 1998 due
381 1967 480 1998 secoli
509 1968 542 1998 fa
567 1968 592 1998 si
620 1967 707 1998 disse
733 1966 814 1998 che:

297 2054 419 2102 1184.
454 2051 493 2091 Il
526 2051 604 2104 n’y
637 2063 663 2090 a
694 2051 798 2104 plus
829 2050 886 2090 de
919 2046 1159 2103 Pyrt'entssaes.

299 2232 399 2262 1180.
429 2232 556 2269 Addio,
586 2232 698 2269 addi0‚
727 2233 795 2263 mio
821 2231 889 2262 lido
914 2230 1036 2262 natale.

298 2286 399 2316 1182.
431 2286 564 2316 Nessun
591 2286 721 2326 profeta
747 2286 765 2316 ὲ
790 2285 920 2325 gradito
946 2283 1032 2315 nella
1057 2294 1117 2315 sua
1142 2283 1260 2325 patria.

298 2347 307 2369 1
323 2338 400 2379 183.
429 2340 515 2379 ogni
535 2349 634 2380 paese
654 2339 670 2370 ὸ
688 2340 795 2380 patria
813 2349 870 2380 per
888 2338 909 2369 il
928 2338 1024 2375 forte,
1045 2347 1139 2368 come
1157 2336 1178 2368 il
1199 2345 1288 2367 mare
1306 2345 1363 2378 per
1381 2336 1390 2366 ἰ
1408 2335 1511 2378 pesci.

298 2393 399 2433 1184.
429 2392 507 2423 Non
535 2393 562 2424 ci
590 2403 673 2423 sono
700 2393 756 2434 pisl
785 2393 925 2423 Pirenei.
