1578 2638
199 245 227 275 si
252 244 347 286 legge
371 245 461 278 nella
485 247 554 278 sav.
581 247 637 278 De
661 248 744 290 lupo
768 252 802 280 et
823 258 917 285 cane,
946 248 1032 282 altra
1050 249 1139 282 delle
1156 246 1303 283 Fabulae
1313 239 1527 295 Σιφαέα

198 304 288 337 dello
313 309 420 338 stesso
445 311 562 338 autore
585 308 711 347 antico,
738 308 837 348 LIV,
862 320 896 342 v.
916 317 935 341 2
941 316 959 352 5
991 310 1059 351 (ed.
1078 300 1264 350 Herum,
1283 315 1334 343 to.
1351 308 1404 350 11,
1412 320 1482 354 φα·
1536 306 1539 307 ⁷

198 366 276 405 gina
301 367 400 407 412),
429 376 493 398 ove
516 372 638 408 questo
662 378 759 400 verso
783 369 802 400 ὲ
826 369 958 410 segnlto
983 369 1064 401 dall’
1077 369 1182 402 altro:

437 444 516 475 Hoc
542 445 675 477 eaeleste
699 445 826 478 bonum
851 447 999 488 praeterit
1022 447 1114 479 orbis
1138 457 1234 490 opes.

245 525 404 557 Tuttavia
429 537 497 558 non
517 538 683 559 mancano
699 528 814 560 coloro
831 528 893 561 che
909 530 1013 561 fanno
1032 529 1219 562 volontario
1234 535 1328 571 getto
1346 531 1382 563 di
1398 541 1481 574 que·

197 589 249 616 sto
268 590 391 624 tesoro,
412 596 431 617 e
448 596 598 626 seguono
615 587 638 618 l’
649 589 799 630 esempio
817 588 851 619 di
876 588 1064 620 Nemorino
1085 589 1286 622 nell’Elisir
1298 589 1476 626 d’Amore.

198 654 301 686 opera
319 646 447 677 comica
461 646 494 676 di
509 647 650 678 FEmcE
663 647 840 685 ΚΟΜΑΝῙ,
856 649 985 679 musica
997 648 1030 679 di
1044 648 1216 680 Donizetti
1234 649 1279 689 (a.
1294 649 1345 687 ΙΙ,
1361 659 1410 690 ες.
1428 650 1478 690 7),

195 703 218 734 il
244 705 346 746 quale

197 799 296 839 790.
419 788 585 831 Vende
617 791 662 830 la
692 789 872 839 liberta,
905 793 941 832 si
975 791 1240 834 fe’soldato.

194 896 229 926 A
252 897 428 937 proposito
453 897 508 928 del
533 898 634 939 quale
659 908 755 930 verso
780 908 872 930 corre
898 899 982 930 sulle
1007 899 1135 931 booehe
1159 899 1195 932 di
1219 899 1315 931 molti
1339 899 1363 932 l'
1376 899 1478 932 aned·

194 954 277 986 doto
293 955 328 986 di
345 955 424 997 quel
437 961 594 988 cantante
611 957 724 997 (credo
740 959 830 990 fosse
846 958 869 989 il
883 959 1056 999 Ronconi)
1073 959 1106 991 al
1118 959 1218 1001 quale
1229 959 1373 992 essendo
1389 964 1479 992 stato

194 1014 347 1054 ingiunto
371 1016 405 1046 in
432 1016 549 1048 Roma
573 1016 663 1048 dalla
687 1018 845 1059 pecorina
869 1028 1009 1049 censura
1035 1018 1259 1051 ecclesiastica
1274 1018 1309 1051 di
1325 1019 1479 1060 <angiam

193 1074 247 1105 nel
272 1075 452 1106 Gridando
476 1077 599 1107 liberta
624 1076 678 1108 dei
702 1077 872 1108 Pur-imni
897 1079 962 1118 (gii)⁴
988 1079 1046 1110 cit.
1070 1078 1102 1110 al
1128 1089 1222 1110 num.
1244 1079 1327 1120 732)
1354 1079 1478 1110 libert&

192 1134 225 1164 in
243 1135 357 1169 lealta‘,
381 1135 468 1166 volle
490 1136 643 1179 strofare
659 1137 861 1168 cambiando
885 1139 942 1179 poi
969 1138 1002 1169 di
1028 1148 1090 1170 suo
1119 1138 1152 1170 la
1176 1139 1264 1170 irase
1280 1137 1480 1170 dell’Elisir

191 1203 210 1224 e
234 1194 378 1226 dicendo
404 1205 468 1226 con
493 1196 619 1235 grande
643 1197 804 1228 scandalo
828 1197 881 1228 dei
907 1199 1068 1239 superiori
1094 1208 1114 1230 e
1132 1190 1353 1239 grandissima
1369 1197 1476 1230 ilari&

191 1253 247 1284 del
271 1254 450 1295 pubblico:

524 1312 646 1344 Vende
671 1312 704 1344 la
729 1314 843 1348 lealtei,
875 1314 901 1345 si
928 1313 972 1345 fe’
986 1312 1132 1346 solda'to.

239 1394 300 1425 Ma
325 1395 439 1426 coloro
465 1395 526 1427 che
550 1395 663 1428 hanno
689 1397 775 1428 fatto
801 1403 948 1428 mercato
974 1397 1000 1428 si
1019 1399 1161 1436 sciocco‚
1182 1407 1392 1440 proveranno
1415 1407 1476 1440 per

190 1454 283 1484 triste
306 1455 498 1496 esperienza
523 1455 623 1497 quale
647 1466 665 1487 e
691 1462 818 1498 quanto
844 1457 892 1488 sia
910 1462 998 1488 stato
1017 1457 1039 1488 il
1060 1456 1131 1488 loro
1148 1466 1277 1488 errore:
1297 1467 1316 1489 e
1333 1458 1360 1488 si
1376 1456 1474 1500 potr&

190 1513 312 1555 ripeter
336 1513 408 1545 loro
426 1514 459 1546 la
475 1514 633 1547 dolorosa
658 1516 805 1558 profezia
831 1516 913 1547 fatta
939 1515 970 1546 al
996 1515 1099 1548 Divin
1117 1516 1224 1548 Poeta
1249 1515 1304 1548 dal
1327 1526 1389 1548 suo
1415 1526 1472 1548 an·

191 1578 305 1604 tenato
318 1584 325 1604 :

193 1669 289 1708 791.
324 1657 394 1698 Tu
426 1659 639 1712 proverai
671 1657 709 1700 si
741 1672 871 1700 come
902 1672 952 1700 sa
984 1660 1031 1699 di
1063 1660 1157 1700 sale

383 1729 421 1769 11
453 1743 573 1782 pane
604 1731 754 1779 altrui,
788 1743 813 1772 e
844 1729 998 1771 eom’e
1029 1731 1146 1772 duro
1177 1730 1292 1772 calle

383 1801 448 1840 Lo
480 1803 672 1843 scendet
703 1815 728 1843 e
756 1801 783 1843 ’l
815 1802 923 1843 salir
954 1814 1036 1856 per
1066 1801 1243 1843 l'altrui
1274 1801 1407 1843 scale.

772 1883 911 1917 (DAN-rit,
931 1882 1097 1915 Paradtso,
1118 1890 1144 1911 c.
1165 1882 1269 1915 XVII,
1287 1890 1317 1909 v.
1332 1882 1436 1915 58-60).

236 1969 362 2011 Quanti
388 1971 558 2002 sentirono
583 1970 616 2002 la
637 1971 729 2002 trista
748 1971 850 2002 verita
867 1970 900 2001 di
921 1970 1029 2012 questi
1048 1969 1153 2001 versi!
1173 1970 1226 2001 cui
1244 1970 1271 2000 si
1288 1968 1356 2011 ριιὸ
1373 1977 1471 2010 porre

189 2034 328 2060 accanto
354 2028 377 2060 1’
390 2029 474 2061 altra
500 2036 657 2061 sentenza
682 2030 715 2061 di
742 2030 915 2062 SENECA:
945 2028 1110 2061 Omnium
1136 2029 1276 2070 quidem
1295 2032 1469 2070 κουραῖσ-

189 2099 269 2120 rum
294 2090 442 2120 conditio
469 2091 594 2120 misera
619 2094 689 2121 est:
714 2100 833 2120 eorum
859 2093 972 2120 tamen
999 2089 1207 2124 rmsem'ma,
1236 2089 1303 2130 qui
1330 2098 1372 2119 nc
1395 2089 1470 2118 sm's

187 2149 326 2190 quidcm
352 2150 629 2189 occupationibus
656 2150 834 2184 labor-ann
851 2149 899 2179 ad
912 2149 1067 2180 alienum
1085 2149 1266 2179 dormiunt
1280 2147 1463 2181 somnium,

186 2209 235 2238 ad
255 2209 409 2239 alienum
428 2209 612 2239 ambulant
632 2210 798 2250 gradum,
820 2209 868 2239 ad
884 2209 1039 2239 alienum
1058 2208 1241 2238 comedunt
1255 2207 1468 2249 appetitum:

187 2278 305 2298 amare
329 2272 362 2299 et
384 2269 502 2303 odisse,
535 2279 587 2299 res
612 2270 767 2299 onmium
794 2269 1001 2302 liber-rimas,
1021 2267 1197 2310 jubentur
1216 2266 1282 2305 (De
1306 2266 1468 2297 bremme

186 2329 285 2363 vitae,
313 2325 332 2371 ᾗ
357 2327 485 2367 XIX).

234 2386 312 2425 Agli
333 2386 455 2418 antichi
474 2397 541 2418 non
559 2397 614 2418 era
632 2387 777 2427 sfuggito
795 2397 974 2419 nemmeno
990 2397 1035 2418 un
1053 2386 1138 2418 altro
1157 2391 1289 2427 aspetto
1309 2384 1466 2416 doloroso

187 2445 274 2477 della
302 2447 368 2477 vita
394 2446 523 2481 servile.
552 2446 611 2478 che
638 2457 691 2477 era
718 2456 869 2488 ospresso
895 2447 927 2478 in
954 2451 1073 2488 questa
1097 2451 1272 2477 sentenza:

1563 2459 1578 2638 ”mxi-mussa:
1564 2259 1578 2438 ,11m„»k..*,.
1571 2179 1578 2230 ..me
1572 2135 1578 2151 -„
