<?xml version="1.0" encoding="UTF-8"?>
<!DOCTYPE html PUBLIC "-//W3C//DTD XHTML 1.0 Transitional//EN"
    "http://www.w3.org/TR/xhtml1/DTD/xhtml1-transitional.dtd">
<html xmlns="http://www.w3.org/1999/xhtml" xml:lang="en" lang="en">
 <head>
  <title>
</title>
<meta http-equiv="Content-Type" content="text/html;charset=utf-8" />
  <meta name='ocr-system' content='tesseract 3.04.00' />
  <meta name='ocr-capabilities' content='ocr_page ocr_carea ocr_par ocr_line ocrx_word'/>
</head>
<body>
  <div class='ocr_page' id='page_1' title='image "./chilhadettotesor00fumauoft_0549.png"; bbox 0 0 1578 2638; ppageno 0'>
   <div class='ocr_carea' id='block_1_1' title="bbox 0 0 387 46">
    <p class='ocr_par' dir='ltr' id='par_1_1' title="bbox 0 0 410 46">
     <span class='ocr_line' id='line_1_1' title="bbox 0 0 343 31; baseline 0.002 -4"><span class='ocrx_word' id='word_1_1' title='bbox 0 0 267 31; x_wconf 54' lang='lat' dir='ltr'>WWP-“S</span> <span class='ocrx_word' id='word_1_2' title='bbox 292 0 343 28; x_wconf 55' lang='lat'>:2-</span> 
     </span>
     <span class='ocr_line' id='line_1_2' title="bbox 0 21 387 46; baseline -0.003 0"><span class='ocrx_word' id='word_1_3' title='bbox 0 21 117 46; x_wconf 64' lang='lat'>2&#39;-&#39;⁴¹“··³,</span> <span class='ocrx_word' id='word_1_4' title='bbox 136 28 153 33; x_wconf 58' lang='lat'>&gt;·</span> <span class='ocrx_word' id='word_1_5' title='bbox 185 31 208 45; x_wconf 45' lang='grc' dir='ltr'>,ι</span> <span class='ocrx_word' id='word_1_6' title='bbox 259 31 262 38; x_wconf 93' lang='grc'>-</span> <span class='ocrx_word' id='word_1_7' title='bbox 374 26 387 35; x_wconf 67' lang='grc'><strong><em>’</em></strong></span> 
     </span>
    </p>
   </div>
   <div class='ocr_carea' id='block_1_2' title="bbox 0 62 1251 130">
    <p class='ocr_par' dir='ltr' id='par_1_2' title="bbox 0 60 1251 130">
     <span class='ocr_line' id='line_1_3' title="bbox 0 62 1251 130; baseline -0.014 -1"><span class='ocrx_word' id='word_1_8' title='bbox 0 62 211 130; x_wconf 45' lang='grc' dir='ltr'>[533ὲ1536]</span> <span class='ocrx_word' id='word_1_9' title='bbox 353 86 493 128; x_wconf 51' lang='grc' dir='ltr'>ψει</span> <span class='ocrx_word' id='word_1_10' title='bbox 521 86 647 121; x_wconf 66' lang='lat' dir='ltr'>studio,</span> <span class='ocrx_word' id='word_1_11' title='bbox 677 87 867 129; x_wconf 68' lang='lat' dir='ltr'>ignorum</span> <span class='ocrx_word' id='word_1_12' title='bbox 943 105 947 109; x_wconf 66' lang='grc'><strong>«</strong></span> <span class='ocrx_word' id='word_1_13' title='bbox 1185 92 1251 127; x_wconf 82' lang='lat'>517</span> 
     </span>
    </p>
   </div>
   <div class='ocr_carea' id='block_1_3' title="bbox 0 222 1255 493">
    <p class='ocr_par' dir='ltr' id='par_1_3' title="bbox 0 222 1255 493">
     <span class='ocr_line' id='line_1_4' title="bbox 0 222 1255 269; baseline -0.001 -14"><span class='ocrx_word' id='word_1_14' title='bbox 0 233 23 255; x_wconf 72' lang='lat' dir='ltr'>a</span> <span class='ocrx_word' id='word_1_15' title='bbox 45 223 207 255; x_wconf 66' lang='lat' dir='ltr'>nicanori:</span> <span class='ocrx_word' id='word_1_16' title='bbox 229 223 250 255; x_wconf 77' lang='grc' dir='ltr'>ὲ</span> <span class='ocrx_word' id='word_1_17' title='bbox 274 227 464 255; x_wconf 73' lang='lat' dir='ltr'>ver-monte</span> <span class='ocrx_word' id='word_1_18' title='bbox 482 223 574 255; x_wconf 86' lang='lat' dir='ltr'>dono</span> <span class='ocrx_word' id='word_1_19' title='bbox 591 224 766 265; x_wconf 78' lang='lat' dir='ltr'>prezioso:</span> <span class='ocrx_word' id='word_1_20' title='bbox 786 233 806 255; x_wconf 84' lang='lat' dir='ltr'>e</span> <span class='ocrx_word' id='word_1_21' title='bbox 823 223 903 254; x_wconf 86' lang='lat' dir='ltr'>dov&#39;</span> <span class='ocrx_word' id='word_1_22' title='bbox 915 233 990 255; x_wconf 70' lang='lat' dir='ltr'>essa</span> <span class='ocrx_word' id='word_1_23' title='bbox 1005 223 1033 255; x_wconf 82' lang='lat' dir='ltr'>si</span> <span class='ocrx_word' id='word_1_24' title='bbox 1051 223 1135 269; x_wconf 81' lang='lat' dir='ltr'>trovi</span> <span class='ocrx_word' id='word_1_25' title='bbox 1151 223 1187 254; x_wconf 86' lang='lat' dir='ltr'>in</span> <span class='ocrx_word' id='word_1_26' title='bbox 1202 222 1255 254; x_wconf 86' lang='lat' dir='ltr'>di·</span> 
     </span>
     <span class='ocr_line' id='line_1_5' title="bbox 0 282 1254 326; baseline -0.001 -11"><span class='ocrx_word' id='word_1_27' title='bbox 0 287 68 320; x_wconf 59' lang='lat' dir='ltr'>tto,</span> <span class='ocrx_word' id='word_1_28' title='bbox 95 292 215 315; x_wconf 74' lang='lat' dir='ltr'>mmm</span> <span class='ocrx_word' id='word_1_29' title='bbox 239 282 296 315; x_wconf 78' lang='lat' dir='ltr'>au’</span> <span class='ocrx_word' id='word_1_30' title='bbox 308 293 412 315; x_wconf 83' lang='lat' dir='ltr'>nomo</span> <span class='ocrx_word' id='word_1_31' title='bbox 436 293 506 315; x_wconf 79' lang='lat' dir='ltr'>una</span> <span class='ocrx_word' id='word_1_32' title='bbox 523 283 631 315; x_wconf 77' lang='lat' dir='ltr'>sicum</span> <span class='ocrx_word' id='word_1_33' title='bbox 647 283 766 323; x_wconf 86' lang='lat' dir='ltr'>guida:</span> <span class='ocrx_word' id='word_1_34' title='bbox 786 283 900 326; x_wconf 78' lang='lat' dir='ltr'>percio</span> <span class='ocrx_word' id='word_1_35' title='bbox 915 283 968 314; x_wconf 81' lang='lat' dir='ltr'>chi</span> <span class='ocrx_word' id='word_1_36' title='bbox 985 293 1069 321; x_wconf 76' lang='lat' dir='ltr'>erra,</span> <span class='ocrx_word' id='word_1_37' title='bbox 1089 283 1254 325; x_wconf 85' lang='lat' dir='ltr'>piuttosto</span> 
     </span>
     <span class='ocr_line' id='line_1_6' title="bbox 0 341 1253 380; baseline -0.001 -6"><span class='ocrx_word' id='word_1_38' title='bbox 0 353 32 374; x_wconf 77' lang='lat' dir='ltr'>le</span> <span class='ocrx_word' id='word_1_39' title='bbox 57 342 247 375; x_wconf 72' lang='lat' dir='ltr'>confessam</span> <span class='ocrx_word' id='word_1_40' title='bbox 275 342 358 374; x_wconf 72' lang='lat' dir='ltr'>altre</span> <span class='ocrx_word' id='word_1_41' title='bbox 385 341 576 380; x_wconf 85' lang='lat' dir='ltr'>deficienze,</span> <span class='ocrx_word' id='word_1_42' title='bbox 603 344 722 374; x_wconf 86' lang='lat' dir='ltr'>invoca</span> <span class='ocrx_word' id='word_1_43' title='bbox 747 342 919 375; x_wconf 87' lang='lat' dir='ltr'>volentieri</span> <span class='ocrx_word' id='word_1_44' title='bbox 947 342 982 374; x_wconf 89' lang='lat' dir='ltr'>la</span> <span class='ocrx_word' id='word_1_45' title='bbox 1009 353 1192 374; x_wconf 84' lang='lat' dir='ltr'>mancanza</span> <span class='ocrx_word' id='word_1_46' title='bbox 1219 342 1253 373; x_wconf 90' lang='lat' dir='ltr'>di</span> 
     </span>
     <span class='ocr_line' id='line_1_7' title="bbox 0 402 1255 444; baseline 0 -10"><span class='ocrx_word' id='word_1_47' title='bbox 0 403 142 440; x_wconf 71' lang='lat' dir='ltr'>oemoria,</span> <span class='ocrx_word' id='word_1_48' title='bbox 162 402 310 434; x_wconf 81' lang='lat' dir='ltr'>secondo</span> <span class='ocrx_word' id='word_1_49' title='bbox 334 402 367 434; x_wconf 88' lang='lat' dir='ltr'>la</span> <span class='ocrx_word' id='word_1_50' title='bbox 381 402 562 434; x_wconf 82' lang='lat' dir='ltr'>-maliziosa</span> <span class='ocrx_word' id='word_1_51' title='bbox 585 403 817 434; x_wconf 82' lang='lat' dir='ltr'>osservazione</span> <span class='ocrx_word' id='word_1_52' title='bbox 842 402 875 433; x_wconf 82' lang='lat' dir='ltr'>di</span> <span class='ocrx_word' id='word_1_53' title='bbox 901 413 948 434; x_wconf 88' lang='lat' dir='ltr'>un</span> <span class='ocrx_word' id='word_1_54' title='bbox 969 407 1052 434; x_wconf 90' lang='lat' dir='ltr'>noto</span> <span class='ocrx_word' id='word_1_55' title='bbox 1076 407 1255 444; x_wconf 84' lang='lat' dir='ltr'>pensatore</span> 
     </span>
     <span class='ocr_line' id='line_1_8' title="bbox 0 471 140 493; baseline 0 0"><span class='ocrx_word' id='word_1_56' title='bbox 0 471 140 493; x_wconf 72' lang='lat' dir='ltr'>ancese:</span> 
     </span>
    </p>
   </div>
   <div class='ocr_carea' id='block_1_4' title="bbox 2 549 1253 604">
    <p class='ocr_par' dir='ltr' id='par_1_4' title="bbox 2 549 1253 604">
     <span class='ocr_line' id='line_1_9' title="bbox 2 549 1253 604; baseline 0 -12"><span class='ocrx_word' id='word_1_57' title='bbox 2 562 102 602; x_wconf 81' lang='lat'><strong>533.</strong></span> <span class='ocrx_word' id='word_1_58' title='bbox 131 550 254 592; x_wconf 88' lang='lat' dir='ltr'>Tout</span> <span class='ocrx_word' id='word_1_59' title='bbox 279 551 321 592; x_wconf 88' lang='lat' dir='ltr'>le</span> <span class='ocrx_word' id='word_1_60' title='bbox 342 551 510 592; x_wconf 86' lang='lat' dir='ltr'>monde</span> <span class='ocrx_word' id='word_1_61' title='bbox 534 564 582 591; x_wconf 86' lang='lat' dir='ltr'>se</span> <span class='ocrx_word' id='word_1_62' title='bbox 608 551 755 604; x_wconf 86' lang='lat' dir='ltr'>plaint</span> <span class='ocrx_word' id='word_1_63' title='bbox 786 552 843 592; x_wconf 86' lang='lat' dir='ltr'>de</span> <span class='ocrx_word' id='word_1_64' title='bbox 868 565 918 592; x_wconf 86' lang='lat' dir='ltr'>sa</span> <span class='ocrx_word' id='word_1_65' title='bbox 944 549 1175 600; x_wconf 73' lang='lat' dir='ltr'>memoire,</span> <span class='ocrx_word' id='word_1_66' title='bbox 1207 557 1253 592; x_wconf 86' lang='lat' dir='ltr'>et</span> 
     </span>
    </p>
   </div>
   <div class='ocr_carea' id='block_1_5' title="bbox 191 622 1218 739">
    <p class='ocr_par' dir='ltr' id='par_1_5' title="bbox 191 622 1218 739">
     <span class='ocr_line' id='line_1_10' title="bbox 191 622 1193 678; baseline 0.001 -15"><span class='ocrx_word' id='word_1_67' title='bbox 191 635 416 676; x_wconf 83' lang='lat' dir='ltr'>personne</span> <span class='ocrx_word' id='word_1_68' title='bbox 438 635 496 663; x_wconf 86' lang='lat' dir='ltr'>ne</span> <span class='ocrx_word' id='word_1_69' title='bbox 517 635 566 663; x_wconf 88' lang='lat' dir='ltr'>se</span> <span class='ocrx_word' id='word_1_70' title='bbox 585 622 733 676; x_wconf 83' lang='lat' dir='ltr'>plaint</span> <span class='ocrx_word' id='word_1_71' title='bbox 754 623 812 664; x_wconf 86' lang='lat' dir='ltr'>de</span> <span class='ocrx_word' id='word_1_72' title='bbox 831 636 914 664; x_wconf 87' lang='lat' dir='ltr'>son</span> <span class='ocrx_word' id='word_1_73' title='bbox 936 624 1193 678; x_wconf 87' lang='lat' dir='ltr'><strong>jugement.</strong></span> 
     </span>
     <span class='ocr_line' id='line_1_11' title="bbox 406 703 1218 739; baseline 0.002 -11"><span class='ocrx_word' id='word_1_74' title='bbox 406 703 467 737; x_wconf 70' lang='lat' dir='ltr'>(LA</span> <span class='ocrx_word' id='word_1_75' title='bbox 488 703 794 735; x_wconf 62' lang='lat' dir='ltr'>RocnzroccAuLm</span> <span class='ocrx_word' id='word_1_76' title='bbox 814 704 977 736; x_wconf 73' lang='lat' dir='ltr'>Maximes,</span> <span class='ocrx_word' id='word_1_77' title='bbox 995 705 1012 739; x_wconf 66' lang='grc' dir='ltr'><strong>ξ</strong></span> <span class='ocrx_word' id='word_1_78' title='bbox 1032 703 1218 737; x_wconf 87' lang='lat' dir='ltr'><strong>LXXXIX).</strong></span> 
     </span>
    </p>
   </div>
   <div class='ocr_carea' id='block_1_6' title="bbox 0 795 1252 896">
    <p class='ocr_par' dir='ltr' id='par_1_6' title="bbox 0 795 1252 896">
     <span class='ocr_line' id='line_1_12' title="bbox 15 795 1252 839; baseline 0.001 -12"><span class='ocrx_word' id='word_1_79' title='bbox 15 795 116 828; x_wconf 82' lang='lat' dir='ltr'>Altro</span> <span class='ocrx_word' id='word_1_80' title='bbox 139 795 318 828; x_wconf 82' lang='lat' dir='ltr'>eoeellente</span> <span class='ocrx_word' id='word_1_81' title='bbox 343 796 504 836; x_wconf 85' lang='lat' dir='ltr'>consiglio</span> <span class='ocrx_word' id='word_1_82' title='bbox 530 806 588 838; x_wconf 85' lang='lat' dir='ltr'>per</span> <span class='ocrx_word' id='word_1_83' title='bbox 614 796 822 839; x_wconf 77' lang='lat' dir='ltr'>apprendere</span> <span class='ocrx_word' id='word_1_84' title='bbox 847 797 934 828; x_wconf 89' lang='lat' dir='ltr'>bene</span> <span class='ocrx_word' id='word_1_85' title='bbox 957 797 976 829; x_wconf 80' lang='grc' dir='ltr'>ὲ</span> <span class='ocrx_word' id='word_1_86' title='bbox 1002 796 1116 839; x_wconf 85' lang='lat' dir='ltr'>quello</span> <span class='ocrx_word' id='word_1_87' title='bbox 1137 802 1252 829; x_wconf 87' lang='lat' dir='ltr'>conte-</span> 
     </span>
     <span class='ocr_line' id='line_1_13' title="bbox 0 853 782 896; baseline 0 -9"><span class='ocrx_word' id='word_1_88' title='bbox 0 861 52 887; x_wconf 66' lang='lat' dir='ltr'>xto</span> <span class='ocrx_word' id='word_1_89' title='bbox 75 855 154 887; x_wconf 88' lang='lat' dir='ltr'>nell’</span> <span class='ocrx_word' id='word_1_90' title='bbox 167 855 286 896; x_wconf 81' lang='lat' dir='ltr'>adagio</span> <span class='ocrx_word' id='word_1_91' title='bbox 311 855 437 887; x_wconf 84' lang='lat' dir='ltr'>latino:</span> <span class='ocrx_word' id='word_1_92' title='bbox 778 853 782 857; x_wconf 57' lang='lat'><strong><em>⁴</em></strong></span> 
     </span>
    </p>
   </div>
   <div class='ocr_carea' id='block_1_7' title="bbox 0 944 784 996">
    <p class='ocr_par' dir='ltr' id='par_1_7' title="bbox 0 944 784 996">
     <span class='ocr_line' id='line_1_14' title="bbox 0 944 784 996; baseline 0.003 -11"><span class='ocrx_word' id='word_1_93' title='bbox 0 957 97 996; x_wconf 82' lang='lat'><strong>534.</strong></span> <span class='ocrx_word' id='word_1_94' title='bbox 131 944 237 986; x_wconf 90' lang='lat' dir='ltr'>Non</span> <span class='ocrx_word' id='word_1_95' title='bbox 269 945 427 993; x_wconf 83' lang='lat' dir='ltr'>multa,</span> <span class='ocrx_word' id='word_1_96' title='bbox 460 946 540 986; x_wconf 89' lang='lat' dir='ltr'>sed</span> <span class='ocrx_word' id='word_1_97' title='bbox 573 946 784 987; x_wconf 89' lang='lat' dir='ltr'><strong>multum.</strong></span> 
     </span>
    </p>
   </div>
   <div class='ocr_carea' id='block_1_8' title="bbox 0 1056 1251 1457">
    <p class='ocr_par' dir='ltr' id='par_1_8' title="bbox 0 1056 1247 1280">
     <span class='ocr_line' id='line_1_15' title="bbox 0 1056 1246 1100; baseline 0.002 -12"><span class='ocrx_word' id='word_1_98' title='bbox 0 1067 28 1088; x_wconf 78' lang='grc' dir='ltr'>ιε</span> <span class='ocrx_word' id='word_1_99' title='bbox 45 1056 89 1088; x_wconf 82' lang='lat' dir='ltr'>ha</span> <span class='ocrx_word' id='word_1_100' title='bbox 105 1057 230 1098; x_wconf 83' lang='lat' dir='ltr'>origine</span> <span class='ocrx_word' id='word_1_101' title='bbox 246 1057 336 1088; x_wconf 83' lang='lat' dir='ltr'>dalla</span> <span class='ocrx_word' id='word_1_102' title='bbox 355 1062 511 1090; x_wconf 87' lang='lat' dir='ltr'>sentenza</span> <span class='ocrx_word' id='word_1_103' title='bbox 528 1058 561 1089; x_wconf 90' lang='lat' dir='ltr'>di</span> <span class='ocrx_word' id='word_1_104' title='bbox 580 1058 714 1090; x_wconf 76' lang='lat' dir='ltr'>PLINIO</span> <span class='ocrx_word' id='word_1_105' title='bbox 733 1059 887 1090; x_wconf 83' lang='lat' dir='ltr'>Secondo</span> <span class='ocrx_word' id='word_1_106' title='bbox 904 1059 926 1090; x_wconf 83' lang='lat' dir='ltr'>il</span> <span class='ocrx_word' id='word_1_107' title='bbox 943 1059 1084 1099; x_wconf 79' lang='lat' dir='ltr'>giovane</span> <span class='ocrx_word' id='word_1_108' title='bbox 1108 1059 1246 1100; x_wconf 82' lang='lat' dir='ltr'>(Epist.,</span> 
     </span>
     <span class='ocr_line' id='line_1_16' title="bbox 0 1115 1246 1160; baseline 0.002 -13"><span class='ocrx_word' id='word_1_109' title='bbox 0 1125 26 1147; x_wconf 72' lang='lat'>³.</span> <span class='ocrx_word' id='word_1_110' title='bbox 53 1115 140 1154; x_wconf 83' lang='lat' dir='ltr'>VII,</span> <span class='ocrx_word' id='word_1_111' title='bbox 159 1126 216 1159; x_wconf 90' lang='lat' dir='ltr'>ep.</span> <span class='ocrx_word' id='word_1_112' title='bbox 235 1118 269 1156; x_wconf 88' lang='lat'>9)</span> <span class='ocrx_word' id='word_1_113' title='bbox 285 1127 292 1148; x_wconf 91' lang='lat'>:</span> <span class='ocrx_word' id='word_1_114' title='bbox 314 1116 430 1159; x_wconf 85' lang='lat' dir='ltr'><em>Ajunt</em></span> <span class='ocrx_word' id='word_1_115' title='bbox 447 1119 538 1148; x_wconf 85' lang='lat' dir='ltr'>enim</span> <span class='ocrx_word' id='word_1_116' title='bbox 558 1118 708 1148; x_wconf 86' lang='lat' dir='ltr'><em>multum</em></span> <span class='ocrx_word' id='word_1_117' title='bbox 728 1119 911 1160; x_wconf 81' lang='lat' dir='ltr'>legendum</span> <span class='ocrx_word' id='word_1_118' title='bbox 930 1129 1008 1153; x_wconf 80' lang='lat' dir='ltr'>esse,</span> <span class='ocrx_word' id='word_1_119' title='bbox 1033 1129 1101 1149; x_wconf 83' lang='lat' dir='ltr'>non</span> <span class='ocrx_word' id='word_1_120' title='bbox 1125 1120 1246 1154; x_wconf 79' lang='lat' dir='ltr'><em>multa,</em></span> 
     </span>
     <span class='ocr_line' id='line_1_17' title="bbox 0 1175 1247 1220; baseline 0.003 -15"><span class='ocrx_word' id='word_1_121' title='bbox 0 1185 91 1206; x_wconf 56' lang='lat' dir='ltr'>ivero</span> <span class='ocrx_word' id='word_1_122' title='bbox 114 1175 159 1207; x_wconf 80' lang='lat' dir='ltr'>da</span> <span class='ocrx_word' id='word_1_123' title='bbox 184 1175 296 1218; x_wconf 80' lang='lat' dir='ltr'>quella</span> <span class='ocrx_word' id='word_1_124' title='bbox 321 1176 354 1207; x_wconf 84' lang='lat' dir='ltr'>di</span> <span class='ocrx_word' id='word_1_125' title='bbox 380 1176 641 1218; x_wconf 74' lang='lat' dir='ltr'><strong>QUINTILIANO</strong></span> <span class='ocrx_word' id='word_1_126' title='bbox 669 1177 736 1216; x_wconf 81' lang='lat' dir='ltr'>(De</span> <span class='ocrx_word' id='word_1_127' title='bbox 762 1179 872 1208; x_wconf 83' lang='lat' dir='ltr'>instit.</span> <span class='ocrx_word' id='word_1_128' title='bbox 900 1182 1001 1213; x_wconf 77' lang='lat' dir='ltr'>orat..</span> <span class='ocrx_word' id='word_1_129' title='bbox 1032 1178 1083 1215; x_wconf 90' lang='lat' dir='ltr'>X,</span> <span class='ocrx_word' id='word_1_130' title='bbox 1117 1186 1146 1216; x_wconf 90' lang='lat'>1,</span> <span class='ocrx_word' id='word_1_131' title='bbox 1170 1180 1247 1220; x_wconf 83' lang='lat'>59):</span> 
     </span>
     <span class='ocr_line' id='line_1_18' title="bbox 0 1234 1077 1280; baseline 0.004 -15"><span class='ocrx_word' id='word_1_132' title='bbox 0 1234 85 1266; x_wconf 73' lang='lat' dir='ltr'><em>(ulta</em></span> <span class='ocrx_word' id='word_1_133' title='bbox 108 1237 220 1277; x_wconf 72' lang='lat' dir='ltr'>magr&#39;s</span> <span class='ocrx_word' id='word_1_134' title='bbox 244 1246 350 1277; x_wconf 84' lang='lat' dir='ltr'><em>quam</em></span> <span class='ocrx_word' id='word_1_135' title='bbox 377 1237 567 1268; x_wconf 79' lang='lat' dir='ltr'>multorum</span> <span class='ocrx_word' id='word_1_136' title='bbox 594 1238 734 1268; x_wconf 77' lang='lat' dir='ltr'>lectione</span> <span class='ocrx_word' id='word_1_137' title='bbox 749 1238 944 1280; x_wconf 81' lang='lat' dir='ltr'>formanda</span> <span class='ocrx_word' id='word_1_138' title='bbox 971 1249 1077 1270; x_wconf 74' lang='lat' dir='ltr'>mens.</span> 
     </span>
    </p>

    <p class='ocr_par' dir='ltr' id='par_1_9' title="bbox 0 1293 1251 1457">
     <span class='ocr_line' id='line_1_19' title="bbox 15 1293 1251 1341; baseline 0.004 -16"><span class='ocrx_word' id='word_1_139' title='bbox 15 1293 107 1326; x_wconf 91' lang='lat' dir='ltr'>Sono</span> <span class='ocrx_word' id='word_1_140' title='bbox 123 1293 157 1341; x_wconf 83' lang='lat' dir='ltr'>di</span> <span class='ocrx_word' id='word_1_141' title='bbox 174 1294 312 1326; x_wconf 73' lang='lat' dir='ltr'>DANTE</span> <span class='ocrx_word' id='word_1_142' title='bbox 337 1295 441 1327; x_wconf 82' lang='lat' dir='ltr'>anche</span> <span class='ocrx_word' id='word_1_143' title='bbox 459 1295 490 1327; x_wconf 88' lang='lat' dir='ltr'>le</span> <span class='ocrx_word' id='word_1_144' title='bbox 508 1296 574 1328; x_wconf 89' lang='lat' dir='ltr'>due</span> <span class='ocrx_word' id='word_1_145' title='bbox 599 1297 750 1328; x_wconf 78' lang='lat' dir='ltr'>citazioni</span> <span class='ocrx_word' id='word_1_146' title='bbox 776 1298 924 1338; x_wconf 84' lang='lat' dir='ltr'>seguenti</span> <span class='ocrx_word' id='word_1_147' title='bbox 942 1297 1003 1329; x_wconf 88' lang='lat' dir='ltr'>che</span> <span class='ocrx_word' id='word_1_148' title='bbox 1025 1308 1092 1329; x_wconf 88' lang='lat' dir='ltr'>non</span> <span class='ocrx_word' id='word_1_149' title='bbox 1110 1298 1143 1329; x_wconf 93' lang='lat' dir='ltr'>di</span> <span class='ocrx_word' id='word_1_150' title='bbox 1169 1298 1251 1330; x_wconf 87' lang='lat' dir='ltr'>rado</span> 
     </span>
     <span class='ocr_line' id='line_1_20' title="bbox 0 1354 1251 1400; baseline 0.004 -16"><span class='ocrx_word' id='word_1_151' title='bbox 0 1363 135 1385; x_wconf 67' lang='lat' dir='ltr'>corrono</span> <span class='ocrx_word' id='word_1_152' title='bbox 159 1354 213 1386; x_wconf 87' lang='lat' dir='ltr'>nel</span> <span class='ocrx_word' id='word_1_153' title='bbox 238 1364 382 1386; x_wconf 89' lang='lat' dir='ltr'>comune</span> <span class='ocrx_word' id='word_1_154' title='bbox 406 1355 534 1397; x_wconf 80' lang='lat' dir='ltr'>parlare</span> <span class='ocrx_word' id='word_1_155' title='bbox 559 1366 622 1388; x_wconf 86' lang='lat' dir='ltr'>ove</span> <span class='ocrx_word' id='word_1_156' title='bbox 647 1357 674 1388; x_wconf 86' lang='lat' dir='ltr'>si</span> <span class='ocrx_word' id='word_1_157' title='bbox 691 1356 838 1388; x_wconf 84' lang='lat' dir='ltr'>diseorra</span> <span class='ocrx_word' id='word_1_158' title='bbox 855 1357 888 1388; x_wconf 84' lang='lat' dir='ltr'>di</span> <span class='ocrx_word' id='word_1_159' title='bbox 906 1367 983 1389; x_wconf 87' lang='lat' dir='ltr'>cose</span> <span class='ocrx_word' id='word_1_160' title='bbox 1008 1356 1069 1389; x_wconf 87' lang='lat' dir='ltr'>che</span> <span class='ocrx_word' id='word_1_161' title='bbox 1086 1358 1117 1389; x_wconf 91' lang='lat' dir='ltr'>al</span> <span class='ocrx_word' id='word_1_162' title='bbox 1135 1368 1251 1400; x_wconf 84' lang='lat' dir='ltr'>sapere</span> 
     </span>
     <span class='ocr_line' id='line_1_21' title="bbox 11 1412 598 1457; baseline 0.003 -12"><span class='ocrx_word' id='word_1_163' title='bbox 11 1412 77 1445; x_wconf 78' lang='lat' dir='ltr'>allo</span> <span class='ocrx_word' id='word_1_164' title='bbox 102 1413 248 1446; x_wconf 82' lang='lat' dir='ltr'>studiare</span> <span class='ocrx_word' id='word_1_165' title='bbox 273 1415 298 1445; x_wconf 86' lang='lat' dir='ltr'>si</span> <span class='ocrx_word' id='word_1_166' title='bbox 325 1420 598 1457; x_wconf 84' lang='lat' dir='ltr'>appartengono:</span> 
     </span>
    </p>
   </div>
   <div class='ocr_carea' id='block_1_9' title="bbox 0 1503 1211 1622">
    <p class='ocr_par' dir='ltr' id='par_1_10' title="bbox 0 1503 1211 1622">
     <span class='ocr_line' id='line_1_22' title="bbox 0 1503 1099 1559; baseline 0.004 -16"><span class='ocrx_word' id='word_1_167' title='bbox 0 1516 22 1554; x_wconf 87' lang='lat'>5</span> <span class='ocrx_word' id='word_1_168' title='bbox 29 1516 52 1554; x_wconf 80' lang='lat'>3</span> <span class='ocrx_word' id='word_1_169' title='bbox 58 1516 96 1554; x_wconf 84' lang='lat'>5.</span> <span class='ocrx_word' id='word_1_170' title='bbox 129 1503 192 1544; x_wconf 93' lang='lat' dir='ltr'>M’</span> <span class='ocrx_word' id='word_1_171' title='bbox 205 1503 506 1559; x_wconf 85' lang='lat' dir='ltr'>insegnavate</span> <span class='ocrx_word' id='word_1_172' title='bbox 538 1517 667 1546; x_wconf 82' lang='lat' dir='ltr'>come</span> <span class='ocrx_word' id='word_1_173' title='bbox 698 1506 726 1546; x_wconf 92' lang='lat' dir='ltr'>l&#39;</span> <span class='ocrx_word' id='word_1_174' title='bbox 743 1519 850 1546; x_wconf 90' lang='lat' dir='ltr'>uom</span> <span class='ocrx_word' id='word_1_175' title='bbox 883 1506 917 1546; x_wconf 90' lang='lat' dir='ltr'>s&#39;</span> <span class='ocrx_word' id='word_1_176' title='bbox 928 1513 1099 1548; x_wconf 86' lang='lat' dir='ltr'>eterna.</span> 
     </span>
     <span class='ocr_line' id='line_1_23' title="bbox 231 1569 1211 1622; baseline 0.005 -13"><span class='ocrx_word' id='word_1_177' title='bbox 231 1569 236 1576; x_wconf 40' lang='lat'><em>⁶</em></span> <span class='ocrx_word' id='word_1_178' title='bbox 800 1587 950 1622; x_wconf 74' lang='lat' dir='ltr'>(Inferna,</span> <span class='ocrx_word' id='word_1_179' title='bbox 970 1595 996 1613; x_wconf 90' lang='lat' dir='ltr'>c.</span> <span class='ocrx_word' id='word_1_180' title='bbox 1017 1587 1089 1618; x_wconf 67' lang='grc' dir='ltr'>ΧΥ,</span> <span class='ocrx_word' id='word_1_181' title='bbox 1108 1595 1137 1613; x_wconf 84' lang='lat' dir='ltr'>v.</span> <span class='ocrx_word' id='word_1_182' title='bbox 1156 1589 1211 1619; x_wconf 76' lang='lat'>85).</span> 
     </span>
    </p>
   </div>
   <div class='ocr_carea' id='block_1_10' title="bbox 0 1673 1246 2161">
    <p class='ocr_par' dir='ltr' id='par_1_11' title="bbox 0 1673 1246 2161">
     <span class='ocr_line' id='line_1_24' title="bbox 0 1673 1080 1731; baseline 0.005 -16"><span class='ocrx_word' id='word_1_183' title='bbox 0 1678 95 1727; x_wconf 81' lang='lat'><strong>536.</strong></span> <span class='ocrx_word' id='word_1_184' title='bbox 128 1673 170 1717; x_wconf 92' lang='lat' dir='ltr'>O</span> <span class='ocrx_word' id='word_1_185' title='bbox 205 1676 277 1717; x_wconf 89' lang='lat' dir='ltr'>voi</span> <span class='ocrx_word' id='word_1_186' title='bbox 310 1677 396 1718; x_wconf 90' lang='lat' dir='ltr'>che</span> <span class='ocrx_word' id='word_1_187' title='bbox 426 1677 539 1718; x_wconf 85' lang='lat' dir='ltr'>siete</span> <span class='ocrx_word' id='word_1_188' title='bbox 571 1679 616 1718; x_wconf 88' lang='lat' dir='ltr'>in</span> <span class='ocrx_word' id='word_1_189' title='bbox 649 1678 911 1731; x_wconf 86' lang='lat' dir='ltr'>piccioletta</span> <span class='ocrx_word' id='word_1_190' title='bbox 942 1680 1080 1721; x_wconf 83' lang='lat' dir='ltr'>barca</span> 
     </span>
     <span class='ocr_line' id='line_1_25' title="bbox 190 1746 948 1804; baseline 0.005 -18"><span class='ocrx_word' id='word_1_191' title='bbox 190 1746 447 1788; x_wconf 85' lang='lat' dir='ltr'>Desiderosi</span> <span class='ocrx_word' id='word_1_192' title='bbox 480 1748 745 1796; x_wconf 73' lang='lat' dir='ltr'>d’ascoltar.</span> <span class='ocrx_word' id='word_1_193' title='bbox 778 1747 948 1804; x_wconf 83' lang='lat' dir='ltr'>segniti</span> 
     </span>
     <span class='ocr_line' id='line_1_26' title="bbox 188 1817 1246 1874; baseline 0.005 -16"><span class='ocrx_word' id='word_1_194' title='bbox 188 1817 348 1859; x_wconf 88' lang='lat' dir='ltr'>Dietro</span> <span class='ocrx_word' id='word_1_195' title='bbox 374 1819 416 1859; x_wconf 86' lang='lat' dir='ltr'>al</span> <span class='ocrx_word' id='word_1_196' title='bbox 444 1820 537 1860; x_wconf 88' lang='lat' dir='ltr'>mio</span> <span class='ocrx_word' id='word_1_197' title='bbox 563 1820 700 1874; x_wconf 89' lang='lat' dir='ltr'>legno</span> <span class='ocrx_word' id='word_1_198' title='bbox 726 1820 811 1862; x_wconf 87' lang='lat' dir='ltr'>che</span> <span class='ocrx_word' id='word_1_199' title='bbox 835 1822 1068 1862; x_wconf 78' lang='lat' dir='ltr'>cantando</span> <span class='ocrx_word' id='word_1_200' title='bbox 1095 1835 1246 1869; x_wconf 65' lang='lat' dir='ltr'>Vitrea,</span> 
     </span>
     <span class='ocr_line' id='line_1_27' title="bbox 125 1888 954 1933; baseline 0.006 -5"><span class='ocrx_word' id='word_1_201' title='bbox 125 1888 323 1930; x_wconf 88' lang='lat' dir='ltr'>Tomate</span> <span class='ocrx_word' id='word_1_202' title='bbox 354 1902 382 1930; x_wconf 86' lang='lat' dir='ltr'>a</span> <span class='ocrx_word' id='word_1_203' title='bbox 412 1890 592 1931; x_wconf 86' lang='lat' dir='ltr'>riveder</span> <span class='ocrx_word' id='word_1_204' title='bbox 623 1891 654 1932; x_wconf 92' lang='lat' dir='ltr'>li</span> <span class='ocrx_word' id='word_1_205' title='bbox 689 1892 829 1933; x_wconf 78' lang='lat' dir='ltr'>vostri</span> <span class='ocrx_word' id='word_1_206' title='bbox 861 1892 954 1933; x_wconf 86' lang='lat' dir='ltr'>liti!</span> 
     </span>
     <span class='ocr_line' id='line_1_28' title="bbox 188 1959 1184 2018; baseline 0.006 -18"><span class='ocrx_word' id='word_1_207' title='bbox 188 1959 292 2001; x_wconf 90' lang='lat' dir='ltr'>Non</span> <span class='ocrx_word' id='word_1_208' title='bbox 325 1960 371 2000; x_wconf 89' lang='lat' dir='ltr'>vi</span> <span class='ocrx_word' id='word_1_209' title='bbox 404 1968 589 2003; x_wconf 85' lang='lat' dir='ltr'>mettete</span> <span class='ocrx_word' id='word_1_210' title='bbox 622 1962 667 2002; x_wconf 89' lang='lat' dir='ltr'>in</span> <span class='ocrx_word' id='word_1_211' title='bbox 701 1964 889 2018; x_wconf 81' lang='lat' dir='ltr'>pelago!</span> <span class='ocrx_word' id='word_1_212' title='bbox 925 1963 1021 2004; x_wconf 63' lang='lat' dir='ltr'>Che</span> <span class='ocrx_word' id='word_1_213' title='bbox 1055 1963 1184 2013; x_wconf 85' lang='lat' dir='ltr'>forse,</span> 
     </span>
     <span class='ocr_line' id='line_1_29' title="bbox 192 2030 1083 2081; baseline 0.007 -10"><span class='ocrx_word' id='word_1_214' title='bbox 192 2030 431 2072; x_wconf 87' lang='lat' dir='ltr'>Perdendo</span> <span class='ocrx_word' id='word_1_215' title='bbox 464 2046 550 2081; x_wconf 88' lang='lat' dir='ltr'>me,</span> <span class='ocrx_word' id='word_1_216' title='bbox 584 2034 840 2075; x_wconf 79' lang='lat' dir='ltr'>rimarreste</span> <span class='ocrx_word' id='word_1_217' title='bbox 872 2035 1083 2077; x_wconf 80' lang='lat' dir='ltr'>smarriti.</span> 
     </span>
     <span class='ocr_line' id='line_1_30' title="bbox 130 2102 1245 2161; baseline 0.006 -18"><span class='ocrx_word' id='word_1_218' title='bbox 130 2102 334 2157; x_wconf 83' lang='lat' dir='ltr'>L&#39;acqua</span> <span class='ocrx_word' id='word_1_219' title='bbox 351 2105 422 2145; x_wconf 92' lang='lat' dir='ltr'>ch’</span> <span class='ocrx_word' id='word_1_220' title='bbox 438 2105 482 2145; x_wconf 88' lang='lat' dir='ltr'>io</span> <span class='ocrx_word' id='word_1_221' title='bbox 498 2107 673 2158; x_wconf 83' lang='lat' dir='ltr'>prendo</span> <span class='ocrx_word' id='word_1_222' title='bbox 691 2106 910 2161; x_wconf 81' lang='lat' dir='ltr'>giammai</span> <span class='ocrx_word' id='word_1_223' title='bbox 933 2120 1023 2148; x_wconf 88' lang='lat' dir='ltr'>non</span> <span class='ocrx_word' id='word_1_224' title='bbox 1046 2107 1083 2148; x_wconf 85' lang='lat' dir='ltr'>si</span> <span class='ocrx_word' id='word_1_225' title='bbox 1105 2122 1245 2151; x_wconf 86' lang='lat' dir='ltr'>corse.</span> 
     </span>
    </p>
   </div>
   <div class='ocr_carea' id='block_1_11' title="bbox 791 2186 1210 2218">
    <p class='ocr_par' dir='ltr' id='par_1_12' title="bbox 791 2186 1210 2218">
     <span class='ocr_line' id='line_1_31' title="bbox 791 2186 1210 2218; baseline 0.005 -6"><span class='ocrx_word' id='word_1_226' title='bbox 791 2186 969 2217; x_wconf 52' lang='lat' dir='ltr'>«Pernam,</span> <span class='ocrx_word' id='word_1_227' title='bbox 989 2195 1014 2213; x_wconf 86' lang='lat' dir='ltr'>c.</span> <span class='ocrx_word' id='word_1_228' title='bbox 1035 2187 1075 2217; x_wconf 78' lang='lat'>11.</span> <span class='ocrx_word' id='word_1_229' title='bbox 1097 2196 1123 2214; x_wconf 82' lang='lat' dir='ltr'>v.</span> <span class='ocrx_word' id='word_1_230' title='bbox 1148 2189 1210 2218; x_wconf 70' lang='grc'><strong>1-7).</strong></span> 
     </span>
    </p>
   </div>
   <div class='ocr_carea' id='block_1_12' title="bbox 0 2252 234 2259">
    <p class='ocr_par' dir='ltr' id='par_1_13' title="bbox 0 2252 234 2259">
     <span class='ocr_line' id='line_1_32' title="bbox 0 2252 234 2259; baseline 0 379"><span class='ocrx_word' id='word_1_231' title='bbox 0 2252 234 2259; x_wconf 95' lang='lat' dir='ltr'> </span> 
     </span>
    </p>
   </div>
   <div class='ocr_carea' id='block_1_13' title="bbox 1066 2261 1186 2265">
    <p class='ocr_par' dir='ltr' id='par_1_14' title="bbox 1066 2261 1186 2265">
     <span class='ocr_line' id='line_1_33' title="bbox 1066 2261 1186 2265; baseline 0 0"><span class='ocrx_word' id='word_1_232' title='bbox 1066 2261 1186 2265; x_wconf 95' lang='lat' dir='ltr'> </span> 
     </span>
    </p>
   </div>
   <div class='ocr_carea' id='block_1_14' title="bbox 0 2309 1244 2464">
    <p class='ocr_par' dir='ltr' id='par_1_15' title="bbox 0 2309 1244 2464">
     <span class='ocr_line' id='line_1_34' title="bbox 0 2309 1244 2354; baseline 0.006 -15"><span class='ocrx_word' id='word_1_233' title='bbox 0 2314 74 2349; x_wconf 77' lang='lat'><strong>333.</strong></span> <span class='ocrx_word' id='word_1_234' title='bbox 101 2309 193 2341; x_wconf 81' lang='lat' dir='ltr'>Tutti</span> <span class='ocrx_word' id='word_1_235' title='bbox 219 2311 245 2341; x_wconf 86' lang='lat' dir='ltr'>si</span> <span class='ocrx_word' id='word_1_236' title='bbox 271 2310 462 2343; x_wconf 73' lang='lat' dir='ltr'>lamentam)</span> <span class='ocrx_word' id='word_1_237' title='bbox 486 2312 519 2343; x_wconf 89' lang='lat' dir='ltr'>di</span> <span class='ocrx_word' id='word_1_238' title='bbox 545 2323 641 2344; x_wconf 79' lang='lat' dir='ltr'>avere</span> <span class='ocrx_word' id='word_1_239' title='bbox 667 2323 751 2354; x_wconf 81' lang='lat' dir='ltr'>poca</span> <span class='ocrx_word' id='word_1_240' title='bbox 777 2315 948 2349; x_wconf 79' lang='lat' dir='ltr'>memoria.</span> <span class='ocrx_word' id='word_1_241' title='bbox 976 2325 1122 2347; x_wconf 72' lang='lat' dir='ltr'>nessuno</span> <span class='ocrx_word' id='word_1_242' title='bbox 1147 2317 1172 2347; x_wconf 82' lang='lat' dir='ltr'>si</span> <span class='ocrx_word' id='word_1_243' title='bbox 1199 2316 1244 2348; x_wconf 84' lang='lat' dir='ltr'>la-</span> 
     </span>
     <span class='ocr_line' id='line_1_35' title="bbox 148 2364 733 2406; baseline 0.007 -13"><span class='ocrx_word' id='word_1_244' title='bbox 148 2370 260 2394; x_wconf 69' lang='lat' dir='ltr'>menta</span> <span class='ocrx_word' id='word_1_245' title='bbox 284 2364 316 2394; x_wconf 88' lang='lat' dir='ltr'>di</span> <span class='ocrx_word' id='word_1_246' title='bbox 343 2374 421 2395; x_wconf 75' lang='lat' dir='ltr'>aver</span> <span class='ocrx_word' id='word_1_247' title='bbox 446 2375 532 2406; x_wconf 88' lang='lat' dir='ltr'>poco</span> <span class='ocrx_word' id='word_1_248' title='bbox 556 2366 733 2405; x_wconf 80' lang='lat' dir='ltr'>giudizio.·</span> 
     </span>
     <span class='ocr_line' id='line_1_36' title="bbox 0 2415 1081 2464; baseline 0.007 -18"><span class='ocrx_word' id='word_1_249' title='bbox 0 2419 76 2456; x_wconf 77' lang='lat'><strong>534.</strong></span> <span class='ocrx_word' id='word_1_250' title='bbox 105 2415 183 2447; x_wconf 80' lang='lat' dir='ltr'>Non</span> <span class='ocrx_word' id='word_1_251' title='bbox 210 2417 312 2448; x_wconf 83' lang='lat' dir='ltr'>molte</span> <span class='ocrx_word' id='word_1_252' title='bbox 337 2427 426 2454; x_wconf 75' lang='lat' dir='ltr'>cose,</span> <span class='ocrx_word' id='word_1_253' title='bbox 455 2428 508 2449; x_wconf 79' lang='lat' dir='ltr'>ma</span> <span class='ocrx_word' id='word_1_254' title='bbox 534 2419 640 2450; x_wconf 81' lang='lat' dir='ltr'>molto</span> <span class='ocrx_word' id='word_1_255' title='bbox 665 2420 747 2460; x_wconf 71' lang='lat' dir='ltr'>[cim2</span> <span class='ocrx_word' id='word_1_256' title='bbox 774 2421 1081 2464; x_wconf 75' lang='lat' dir='ltr'>profondamenteJ.</span> 
     </span>
    </p>
   </div>
  </div>
 </body>
</html>
