1578 2638
15 84 260 169 {i55'7515601
506 110 676 146 &mma
699 111 822 151 φακὴ
1235 117 1301 151 525

0 253 3 255 ’
63 246 235 285 Tuttavia,
263 256 343 278 ecco
367 255 436 288 qua
460 246 526 278 due
550 247 693 289 pensieri
718 246 772 278 del
798 246 895 278 Dum
920 246 963 278 de
987 247 1044 278 LA
1069 246 1302 278 Rocnmvou·

17 313 158 344 CAULD,
178 305 233 338 daffi
258 305 349 348 quali
374 306 538 348 parrebbe
562 306 723 338 resultare
747 305 809 338 che
826 316 846 337 a
863 300 978 348 tempi>
1002 316 1022 337 e
1046 306 1149 346 luogo
1165 316 1211 338 un
1228 315 1302 346 gra·

16 365 118 397 nellin
142 365 176 396 di
200 367 315 407 pazzia
338 375 407 397 non
431 371 571 406 guasta:
600 365 643 397 ed
665 366 699 396 io
722 365 823 397 credo
848 365 902 397 ch’
912 365 976 406 egli
1004 375 1072 397 nou
1098 365 1199 397 abbia
1224 366 1301 397 tutti

19 425 29 456 i
53 425 145 457 torti.
697 435 704 440 “

23 522 37 548 1
49 520 147 560 557.
179 506 271 562 Qui
290 508 359 550 vit
379 502 485 550 sans
505 508 612 550 folie
634 509 750 550 n’est
765 522 849 562 pas
863 509 901 550 si
914 522 1026 563 sage
1042 508 1155 562 qu’il
1171 509 1300 551 croit.

475 590 641 619 «Maxime
658 590 695 616 de
714 591 763 618 LA
783 590 1090 621 Rocnmroucwm,
1109 591 1126 624 5
1146 590 1265 623 CCIX).

23 677 145 727 1558.
178 675 218 716 11
248 677 397 717 arrive
428 675 716 730 quelquefois
747 677 828 718 des
857 677 1092 718 accidents
1116 677 1232 718 dans
1256 678 1302 718 la

238 747 326 796 vie,
353 744 459 788 d’oh
486 747 517 788 il
544 747 642 789 faut
668 746 764 789 &tre
788 762 850 789 un
877 762 966 802 peu
993 748 1084 797 fou,
1112 761 1229 802 pour
1252 762 1301 790 se

238 817 360 878 'pien'
377 818 499 859 tirer.

1002 889 1076 922 (tvi,
1096 889 1113 923 5
1134 888 1264 922 cccx).

17 983 36 1004 e
59 973 113 1005 del
138 979 227 1006 resto
253 975 329 1006 tutti
354 985 460 1006 sanno
485 985 574 1007 esser
599 981 756 1007 sentenza
780 977 892 1008 antica
918 986 936 1007 e
963 977 1039 1008 trita
1064 975 1125 1008 che

22 1068 146 1108 1559.
179 1055 330 1098 Semel
362 1057 408 1098 in
440 1071 563 1099 anno
595 1057 702 1099 licet
734 1057 947 1099 insanire.

15 1171 171 1196 sentenza
195 1164 228 1196 la
252 1165 351 1207 quale
370 1166 403 1196 in
423 1172 542 1207 questa
559 1167 666 1197 forma
682 1166 822 1208 precisa,
843 1166 1003 1198 divenuta
1019 1166 1228 1208 proverbiale
1245 1167 1300 1199 nel

15 1223 126 1255 medio
151 1234 225 1262 evo,
254 1234 320 1256 non
346 1226 373 1256 si
399 1230 494 1256 trova
517 1226 550 1256 in
575 1235 698 1257 nessun
724 1225 864 1257 classico
880 1231 1014 1263 autore;
1035 1236 1091 1257 ma
1108 1236 1176 1258 non
1194 1226 1299 1258 molto

15 1277 256 1310 diversamente
282 1279 398 1310 scrisse
431 1279 583 1310 SENECA
617 1278 648 1310 15
682 1279 769 1311 dove
802 1279 895 1321 parla
928 1279 1015 1311 delle
1048 1279 1182 1311 annuali
1215 1280 1300 1311 feste

15 1337 162 1377 egizian'e
193 1337 227 1368 di
260 1337 391 1369 osiride
415 1338 469 1370 nel
494 1338 629 1379 dialogo
654 1338 708 1370 De
734 1340 994 1380 Superstitiona
1024 1340 1101 1379 oggi
1130 1341 1296 1377 smarrito,

16 1406 71 1428 ma
95 1396 128 1428 di
154 1398 207 1428 cui
233 1397 270 1428 S.
297 1399 497 1429 AGOSTINO
523 1399 552 1429 ci
577 1397 621 1429 ha
646 1404 843 1430 conservato
868 1405 989 1440 questo
1014 1409 1115 1440 passo
1139 1399 1194 1431 nel
1213 1399 1299 1431 libro

15 1455 70 1486 De
93 1457 227 1487 civitate
245 1457 323 1492 Dei,
346 1457 412 1496 VI,
439 1465 501 1489 10:
532 1469 550 1489 α
567 1458 657 1490 Huic
683 1464 794 1490 tamen
815 1460 916 1490 furori
935 1464 1062 1491 certum
1082 1464 1216 1502 tempus
1232 1466 1296 1492 est.

21 1516 207 1547 Tota-abile
229 1521 280 1547 est
302 1518 407 1548 semel
429 1528 520 1548 anno
545 1519 714 1551 insanire.
735 1529 754 1549 »
774 1518 804 1550 Ε
824 1518 858 1550 10
875 1523 982 1550 stesso
1000 1519 1128 1551 Seneca
1147 1519 1201 1551 nel
1219 1526 1299 1552 trat-

16 1580 86 1607 tato
103 1575 157 1606 De
174 1577 431 1617 tranquillitate
447 1578 569 1613 animi,
592 1578 679 1615 XV,
701 1586 763 1609 10:
786 1589 806 1608 «
819 1578 911 1610 Nam
938 1579 1007 1609 sive
1030 1577 1161 1610 Graeco
1178 1585 1299 1620 poetae

14 1634 192 1673 credimus,
213 1636 403 1677 aliquando
420 1640 453 1668 et
476 1638 632 1668 insanire
650 1638 854 1679 jucundum
874 1642 924 1669 est
941 1649 959 1668 »
974 1650 981 1674 ς
1006 1648 1024 1669 e
1042 1637 1064 1669 il
1082 1643 1183 1679 poeta
1199 1647 1299 1678 greco

15 1695 67 1725 cui
93 1694 219 1726 Seneca
235 1696 263 1726 si
280 1696 423 1727 riferisce
447 1696 466 1727 ὲ
491 1697 717 1728 MENANDRO
747 1698 844 1737 (frag.
864 1705 946 1738 321,
975 1697 1031 1728 ed.
1060 1695 1192 1737 Koch).
1208 1697 1298 1730 Con-

17 1753 127 1786 fronta
151 1763 232 1795 pure
257 1754 278 1785 il
306 1765 400 1786 verso
426 1755 458 1786 di
485 1755 653 1787 ORAZIO:

23 1838 143 1886 1560.
180 1835 325 1877 Dulce
356 1844 425 1878 &st
456 1837 662 1890 daeipere
694 1837 740 1878 in
774 1839 886 1879 loco.

639 1920 810 1950 «nmina,
830 1918 884 1944 nb.
905 1918 961 1949 xv,
980 1920 1031 1944 od.
1052 1918 1140 1950 xm,
1159 1926 1187 1944 v.
1207 1919 1261 1950 28).

21 2052 121 2087 1557.
134 2044 197 2077 Chi
212 2047 283 2077 vive
297 2056 396 2078 senza
410 2047 458 2078 far
472 2048 536 2078 mai
551 2047 663 2088 pazzie
676 2057 743 2078 non
757 2047 777 2078 ὲ
790 2053 884 2078 tanto
898 2048 991 2078 savio
1002 2053 1130 2089 quanto
1143 2048 1170 2078 si
1184 2047 1294 2079 crede.

22 2098 122 2138 1558.
149 2099 315 2140 Capitano
332 2099 384 2131 dei
410 2101 476 2131 casi
495 2100 582 2132 nella
609 2101 687 2138 vita,
708 2101 759 2131 uei
786 2100 876 2142 quali
897 2100 1037 2140 bisogna
1060 2101 1128 2133 fare
1146 2111 1190 2133 un
1210 2111 1296 2143 poco

197 2151 218 2183 il
245 2159 350 2184 matto
376 2163 435 2195 per
460 2154 627 2185 cavarsela
652 2164 715 2185 con
743 2164 860 2185 onore.

22 2211 121 2245 1559.
149 2205 227 2236 Una
254 2206 343 2237 volta
367 2206 423 2238 all'
436 2217 524 2238 anno
549 2207 568 2239 ὲ
593 2206 691 2239 lecito
717 2207 749 2238 di
777 2208 845 2239 fare
870 2207 891 2239 il
916 2217 1033 2249 pazzo.

22 2257 122 2298 ¹560.
151 2250 179 2288 1²⁴:
205 2258 300 2290 dolce
326 2259 357 2290 di
385 2260 525 2301 deporre
551 2260 583 2292 la
608 2270 766 2301 saggezza
790 2271 810 2292 a
837 2268 951 2303 tempo
975 2268 1182 2304 opportuno.
