1578 2638
201 75 271 116 876
672 74 791 108 Indice
816 77 905 110 delle
919 51 1024 120 fresi
1076 97 1082 111 ›

200 212 385 255 Πρώτιστα
409 213 575 256 πλοῦτον,
606 215 683 251 εἶτα
708 211 741 247 δ’
746 214 994 258 εὐσεβήσομεν.
1023 223 1128 269 1411.

198 261 386 294 Provando
411 272 430 293 e
454 261 681 304 riprovando.
710 270 794 303 432.

198 309 383 341 Proximus
408 320 485 341 sum
510 313 646 351 egomet
670 309 768 342 mihi.
797 316 879 351 350.

198 357 357 390 Prudens
381 357 488 389 futuri
512 357 678 404 temporis
703 358 832 390 exitum
853 357 860 400 Ι
882 357 1079 400 Caliginosa
1103 361 1204 391 nocte
1229 358 1354 401 premit
1378 358 1488 391 Deus.

250 412 333 447 523.

199 452 327 495 Ψυχῆς
353 451 537 494 Ἰατρεῖον.
568 461 626 494 24.

198 500 359 540 Pulchre,
390 501 492 541 bene,
519 504 622 534 recte.
658 509 760 542 1944.

198 548 385 580 Pulchrum
411 552 462 580 est
488 547 597 590 digito
623 548 806 580 monstrari
831 552 865 581 et
890 548 1016 582 dicier:
1044 548 1099 581 hic
1124 553 1189 583 est.
1221 555 1303 590 207.

200 596 339 629 Pulsate
364 600 398 628 et
422 597 593 639 aperietur
618 596 732 629 vobis.
766 596 868 637 1689.

198 642 320 676 Pulvis
346 654 396 684 es,
424 648 458 676 et
482 644 518 676 iu
544 644 719 687 pulverem
746 644 939 677 reverteris.
968 645 1051 685 883.

197 691 319 724 Pulvis
345 696 379 724 et
404 693 527 724 umbra
551 702 683 725 sumus.
715 692 797 734 849.

197 740 291 772 Pura
315 739 463 772 siccome
488 750 536 772 un
561 740 697 782 angelo.
730 740 833 780 1781.

198 787 333 820 Purche
358 788 465 820 costei
489 788 519 820 si
544 787 642 826 salvi,
671 787 696 819 il
721 788 850 820 mondo
875 798 968 830 pera.
989 787 1072 820 620.

199 836 330 868 Purche
356 839 419 869 essi
447 842 592 877 tengano
618 835 725 867 duro!
758 835 861 875 1876.

197 884 332 916 Purche
348 881 374 915 ’l
398 895 457 916 reo
483 894 554 916 non
583 884 611 915 si
641 884 739 923 salvi,
768 884 793 915 il
822 884 936 924 giusto
962 893 1043 925 pera
1064 881 1069 926 Ι
1091 885 1122 915 Ε
1147 881 1171 914 l'
1182 883 1376 916 innocente.
1404 884 1488 924 619.

197 932 312 973 Purga
337 941 394 974 pet
418 932 560 973 digiuno
583 930 589 975 Ι
611 932 660 963 Le
685 930 834 972 anguille
852 931 888 962 di
906 931 1055 963 Bolsena
1079 941 1098 963 e
1122 931 1155 963 la
1172 931 1359 964 vernaccia.
1385 932 1488 972 1298.

197 980 291 1012 Puro
315 989 334 1011 e
359 979 519 1023 disposto
544 991 565 1011 a
589 979 690 1011 salire
714 978 780 1011 alle
805 978 916 1012 stelle.
948 979 1052 1018 1782.

197 1028 267 1059 Put
290 1037 378 1069 your
403 1031 492 1060 trust
521 1028 556 1059 in
582 1027 672 1066 God,
702 1037 759 1069 my
785 1028 883 1069 boys,
913 1027 982 1059 and
1010 1027 1098 1069 keep
1123 1037 1210 1069 your
1235 1026 1378 1070 powder
1409 1026 1486 1070 dry.

254 1082 358 1116 1332.

197 1171 294 1212 Quae
319 1180 389 1202 non
414 1170 541 1201 frustra
566 1170 657 1201 dicta
683 1173 733 1201 est
760 1181 779 1201 a
804 1170 1012 1211 quibusdam
1045 1169 1195 1201 secunda
1219 1173 1353 1202 natura.
1383 1175 1441 1210 37.

197 1218 352 1260 Quaeque
374 1218 448 1260 ipse
473 1218 663 1249 miserrima
689 1218 760 1250 vidi
782 1216 787 1262 Ι
810 1219 857 1250 Et
874 1228 1021 1259 quorum
1046 1227 1124 1259 pars
1150 1227 1274 1258 magna
1298 1217 1359 1250 sui.
1384 1216 1486 1257 1926.

198 1266 359 1308 Quaerite
385 1269 419 1298 et
443 1265 638 1298 invenietis.
674 1266 776 1306 1689.

197 1314 283 1355 Quae
309 1317 343 1345 te
370 1313 544 1345 dementia
569 1314 682 1355 cepit?
714 1320 817 1355 1554.

196 1361 306 1404 Quale
332 1364 465 1403 aspetta
490 1371 607 1403 prego‚
635 1372 654 1393 e
680 1358 703 1392 1’
716 1371 810 1403 uopo
829 1361 914 1392 vede
937 1359 942 1404 Ι
965 1360 1232 1402 Malignamente
1257 1360 1312 1401 gia
1337 1359 1366 1392 si
1386 1362 1489 1392 mette

245 1409 277 1441 al
302 1419 404 1450 nego.
439 1409 519 1450 164.

197 1456 300 1499 Quali
325 1457 484 1489 colombe
508 1456 564 1488 dal
590 1456 686 1488 desio
712 1456 892 1489 chiamate.
924 1464 1029 1498 2025.

198 1505 319 1547 Qualis
345 1505 465 1536 artifex
492 1504 615 1546 pereo!
650 1504 752 1537 1226.

198 1552 318 1595 Qualis
345 1553 518 1591 dominus,
548 1552 624 1584 talis
650 1556 684 1584 et
709 1562 841 1584 servus.
872 1560 953 1593 230.

197 1600 317 1643 Qualis
344 1600 429 1640 vita,
457 1600 533 1632 talis
559 1600 683 1632 oratio.
716 1607 819 1641 1104.

198 1648 370 1690 Quamdiu
396 1648 487 1680 enim
513 1648 675 1687 vivimus,
703 1648 739 1679 in
764 1647 946 1679 certamine
971 1657 1102 1680 sumus.
1130 1646 1213 1689 856.

198 1697 311 1738 Quam
336 1707 442 1738 parva
467 1696 634 1738 sapientia
659 1696 786 1736 regitur
812 1695 974 1727 mundus.
1003 1695 1086 1727 626.

196 1745 307 1786 Quam
334 1744 463 1782 subito,
492 1754 595 1785 quam
620 1747 726 1783 certo,
754 1747 895 1784 experto
920 1743 1019 1775 crede
1052 1743 1224 1774 Roberto.
1253 1748 1335 1782 430.

198 1791 347 1834 Quando
372 1803 389 1823 c
393 1788 433 1823 ’ὲ
458 1790 491 1822 la
516 1791 634 1830 salute,
665 1788 695 1823 c’
709 1802 727 1822 e
753 1795 855 1823 tutto.
886 1798 991 1833 2155.

198 1839 346 1881 Quando
371 1839 404 1871 la
428 1843 528 1880 gente
554 1849 623 1871 non
642 1849 726 1871 avea
749 1837 898 1882 sarina,1
922 1839 973 1870 Lo
998 1848 1034 1870 re
1059 1837 1195 1869 diceva:
1220 1835 1388 1878 mangiate
1412 1833 1486 1878 pol-

246 1887 346 1919 lame.
379 1887 482 1928 1382.

198 1935 346 1976 Quando
372 1934 417 1966 mi
443 1934 582 1975 giovera
607 1943 743 1966 narrare
769 1934 871 1966 altrui
893 1934 899 1976 Ι
922 1934 969 1965 Le
989 1933 1107 1965 novita
1133 1931 1257 1964 vedute
1283 1941 1301 1963 e
1326 1930 1417 1963 dire:
1444 1929 1486 1962 10
1539 1928 1544 1949 f

246 1982 313 2014 sui!
348 1989 451 2022 1927.

198 2031 344 2072 Quando
371 2031 427 2072 poi
455 2030 544 2061 dalla
571 2031 695 2061 trincea
718 2030 721 2072 Ι
745 2030 860 2062 Suona
885 2029 971 2060 l'ora
996 2029 1028 2059 di
1056 2027 1229 2067 battaglia.
1263 2026 1364 2067 1850.

197 2078 414 2119 Quandoque
441 2078 553 2108 bonus
580 2077 742 2109 dormitat
767 2078 955 2109 Homerus.
984 2083 1067 2117 417.

197 2125 486 2167 Quandoquidem
512 2124 661 2167 populus
687 2125 750 2156 iste
776 2124 851 2156 vult
876 2124 999 2166 decipi,
1026 2122 1225 2165 decipiatur.
1257 2127 1337 2162 543.

197 2173 323 2214 Quand
349 2177 424 2204 tout
450 2173 480 2204 le
506 2173 632 2204 monde
657 2184 677 2204 a
702 2176 781 2211 tort,
812 2176 887 2204 tout
912 2172 943 2203 le
968 2171 1094 2203 monde
1118 2181 1137 2201 a
1163 2169 1290 2201 raison.
1322 2173 1424 2210 1550.

197 2221 323 2262 Quand
348 2231 414 2252 une
441 2220 647 2252 civilisation
672 2225 722 2252 est
749 2219 958 2257 vermoulue,
986 2216 1134 2250 l'avocat
1160 2214 1214 2259 s’y
1241 2219 1322 2248 met.
1349 2215 1431 2254 827.

197 2267 322 2309 Quand
349 2278 435 2299 vous
462 2265 613 2300 m'aurez
641 2270 708 2307 tue,
738 2268 762 2299 il
780 2278 822 2300 ne
840 2278 893 2299 me
911 2267 1028 2299 saudra
1045 2276 1111 2308 que
1129 2265 1180 2297 six
1201 2264 1296 2307 pieds
1316 2263 1358 2295 de
1381 2266 1477 2294 terre.

248 2324 331 2347 220.

198 2363 324 2405 Quand
350 2373 437 2394 vous
465 2373 576 2394 semcz
603 2363 648 2395 du
674 2363 820 2404 Jesuite,
850 2373 935 2394 vous
963 2361 1106 2393 recoltez
1133 2360 1179 2391 du
1205 2357 1349 2391 revolte.
1377 2361 1475 2397 1305.

198 2411 326 2453 Quanti
354 2409 471 2442 fiaschi
497 2408 599 2442 n'hai
627 2411 783 2443 vuotati?
816 2416 918 2449 1710.
