1578 2638
144 129 146 131 ·
189 108 256 141 862
660 111 779 142 Indice
803 111 892 142 delle
906 110 1010 153 frasi

186 245 300 278 Multa
324 245 432 287 magis
456 256 559 288 quam
579 245 765 279 multorum
790 246 936 280 lectione
960 246 1140 280 formanda
1163 256 1274 280 mm.
1305 253 1426 290 1534-

187 293 300 326 Multa
323 297 544 326 renascentur
563 304 640 336 quae
663 294 735 338 jam
753 294 915 334 cecidere,
937 294 1128 338 cadentque
1149 292 1156 340 Ι
1177 294 1265 337 Quae
1286 304 1379 328 nunc
1394 298 1475 327 sunt

234 342 271 373 in
294 341 427 374 honore
452 341 634 374 vocabula.
667 342 772 385 1655.

188 389 302 422 Multa
326 389 418 430 tulit,
444 390 591 432 fecitque
615 400 710 432 puer,
741 389 880 422 sudavit
902 394 937 422 et
962 389 1053 424 alsit.
1086 397 1189 432 1943.

187 437 294 470 Multi
318 442 433 470 autem
458 442 558 470 erunt
582 438 684 480 primi
708 438 900 477 novissimi,
929 442 963 470 et
987 438 1168 470 novissimi
1192 437 1306 480 primi.
1338 445 1420 480 243.

189 485 294 518 Multi
319 485 409 517 enim
436 489 517 517 sunt
541 485 666 525 vocati,
696 487 795 528 pauci
819 496 903 518 vero
927 485 1038 519 electi.
1068 494 1149 528 244.

190 533 380 566 Multitudo
406 543 476 565 non
501 537 553 565 est
579 533 765 575 sequenda.
803 541 903 576 1335.

190 581 306 613 Multo
331 582 489 622 graviora
514 581 635 613 tulisti.
666 590 747 624 340.

189 629 339 661 Multum
364 629 547 670 legendum
573 639 661 669 esse,
688 640 757 661 non
784 629 903 662 multa.
936 636 1040 671 1334.

190 677 344 708 Mundus
369 677 445 709 vult
469 677 590 719 decipi,
620 687 701 718 ergo
727 677 927 719 decipiatur.
957 685 1038 719 543.

188 725 355 767 Muojono
380 725 411 756 le
437 726 529 763 cina,
558 725 719 766 muojono
745 727 753 756 i
781 727 885 765 regni.
916 725 997 766 893.

190 774 328 811 Muora,
357 783 490 805 muora.
517 779 601 813 479.

189 822 311 853 Muore
337 832 381 852 un
407 821 558 861 brigante
584 831 601 852 e
627 831 726 852 nasce
753 831 797 852 un
824 821 974 852 liberale.
1004 827 1101 860 795:

190 869 303 900 Muro-
318 869 351 900 di
376 869 516 900 bronzo.
551 877 652 909 1204.

189 917 288 948 Muta
313 917 492 948 d’aecento
519 935 541 939 —-
567 927 584 948 e
611 917 644 947 di
670 917 814 957 pensier.
844 923 927 956 371.

189 965 326 996 Mutato
349 964 489 996 nomine
515 964 557 995 de
583 968 615 996 te
638 963 642 1005 Ι
666 964 799 995 Fabula
823 968 992 996 narratur.
1023 970 1127 1003 2079.

189 1013 335 1044 Mutiam
361 1023 510 1053 governo
534 1031 557 1035 -
582 1022 642 1053 per
667 1012 746 1053 qual
772 1011 912 1051 ragion?
941 1011 1022 1052 663.

187 1060 250 1102 My
274 1060 436 1101 kingdom
464 1062 517 1091 for
541 1071 560 1090 a
585 1059 705 1091 horse!
735 1067 818 1100 309.

188 1154 290 1187 Nach
315 1156 470 1188 Canossa
494 1154 604 1196 gehen
629 1154 692 1186 wir
717 1154 824 1187 nicht.
853 1163 934 1195 349.

188 1203 281 1235 Nam
307 1208 366 1236 tua
390 1214 444 1235 res
469 1203 593 1244 agitur,
621 1202 731 1244 paries
756 1212 862 1244 quum
888 1202 1064 1245 proximus
1091 1201 1198 1234 ardet.
1227 1207 1308 1243 355.

190 1251 400 1283 Nam'vitiis
425 1261 527 1283 nemo
552 1251 625 1282 sine
649 1250 812 1282 nascitur.
847 1250 948 1282 1801.

189 1299 319 1339 Natini,
350 1299 379 1331 si
404 1310 441 1331 ce
465 1309 576 1341 penzo
599 1297 604 1341 Ι
626 1299 722 1330 Mme
746 1308 833 1330 vene
859 1308 902 1329 na
928 1308 1018 1329 cosa.
1050 1305 1154 1338 2150.

190 1347 297 1379 Natio
322 1347 430 1388 borgo
455 1346 641 1388 selvaggio.
669 1354 753 1388 994.

191 1395 323 1427 Nation
348 1395 389 1427 os
409 1395 654 1437 shopkeepers.
687 1393 789 1428 1026.

191 1443 324 1475 Natura
349 1443 512 1475 abhorret
536 1452 695 1474 vacuum.
725 1443 806 1482 318.

190 1491 334 1523 Naturae
360 1491 514 1532 sequitur
538 1490 668 1522 semina
692 1489 837 1531 quisque
862 1499 947 1520 suae.
973 1496 1056 1529 931.

190 1539 323 1571 Natura
349 1538 374 1570 il
397 1539 481 1578 fece,
509 1549 527 1570 e
552 1537 610 1580 poi
640 1547 746 1579 roppe
771 1537 804 1568 la
828 1540 972 1578 stampa.
1006 1537 1084 1577 158.

192 1587 326 1619 Natura
350 1586 387 1618 in
411 1586 668 1629 operationibus
695 1585 765 1616 suis
791 1594 861 1616 non
886 1584 963 1616 facit
990 1583 1127 1616 saltum.
1159 1590 1239 1623 319.

189 1635 324 1666 Natura
349 1634 496 1666 maxime
522 1633 677 1665 miranda
702 1632 737 1664 in
764 1632 927 1664 minimis.
962 1639 1064 1673 1430.

191 1682 363 1714 Naturam
388 1682 537 1725 expelles
563 1681 670 1713 surca.
698 1680 755 1721 38.

192 1730 326 1762 Natura
350 1740 422 1762 non
445 1729 525 1762 facit
550 1729 668 1761 saltus.
698 1735 779 1768 319.

190 1778 364 1819 Navigare
394 1787 545 1816 necesse,
573 1777 689 1808 vivere
715 1785 785 1807 non
811 1785 961 1807 necesse.
991 1775 1074 1807 821.

191 1826 327 1868 N’ayez
348 1836 407 1868 pas
425 1826 467 1858 de
488 1824 617 1856 voisins
636 1824 664 1855 si
682 1833 768 1855 vous
786 1823 907 1855 voulez
926 1823 1022 1853 vivre
1039 1831 1079 1853 en
1103 1821 1178 1863 paix
1197 1829 1279 1852 avec
1295 1829 1372 1850 eux.
1394 1817 1475 1850 662.

193 1874 345 1905 Nazione
372 1874 404 1905 di
430 1874 594 1913 bottegai.
630 1871 730 1903 1026.

193 1922 248 1953 Ne
273 1923 476 1959 annessioni,
506 1921 548 1952 ne
574 1920 759 1951 indennitit.
794 1919 894 1959 1908.

193 1969 248 2001 Ne
274 1969 434 2011 apostati,
461 1969 504 2000 ne
529 1967 652 1999 ribelli.
682 1968 764 2006 683.

195 2017 370 2048 Necessita
396 2027 462 2048 non
490 2026 632 2047 conosce
658 2015 763 2054 legge.
798 2015 897 2053 1891.

192 2065 387 2097 Necessitas
414 2065 492 2095 facit
518 2064 586 2105 jus.
622 2063 722 2102 1891.
1564 2085 1567 2091 .

193 2112 268 2144 Nec
293 2112 396 2143 habet
421 2116 564 2143 eventus
591 2110 730 2143 sordida
757 2109 881 2151 praeda
909 2109 1030 2140 bonos.
1062 2108 1142 2148 283.
1564 2095 1578 2131 3

192 2159 267 2192 Nec
292 2159 379 2191 male
404 2159 495 2191 olere
521 2158 605 2190 mihi
630 2168 692 2189 nec
717 2157 804 2189 bene
828 2156 919 2188 olere
944 2156 1066 2198 placet.
1100 2155 1200 2195 1765.
1566 2159 1578 2183 'i

192 2208 267 2239 Nec
293 2207 403 2239 minor
428 2211 480 2238 est
506 2206 614 2238 virtus
639 2216 740 2247 quam
766 2214 932 2246 quaerere,
959 2209 1055 2246 parta
1080 2202 1178 2234 tueri.
1210 2201 1290 2241 746.

192 2256 268 2287 Nec
293 2255 370 2298 plus
396 2254 497 2286 ultra.
532 2262 634 2293 1922.

194 2303 268 2335 Nec
294 2312 434 2345 possum
461 2307 571 2333 tecum
599 2301 725 2339 vivere,
755 2309 817 2331 nec
843 2300 915 2331 sine
941 2302 986 2330 te.
1016 2299 1073 2331 86.

194 2351 268 2383 Nec
294 2350 378 2382 scire
405 2350 451 2381 sas
478 2354 528 2380 est
554 2348 680 2381 omnia.
717 2355 819 2389 1521.

194 2399 267 2430 Nec
293 2398 366 2430 sine
392 2402 437 2437 te,
466 2408 526 2428 nec
552 2401 662 2427 tecum
688 2396 804 2427 vivere
830 2405 981 2437 possum.
1012 2395 1069 2432 87.

195 2447 268 2478 Nec
294 2456 354 2488 spe
378 2455 439 2477 nec
467 2449 571 2476 metu.
606 2444 708 2483 1694.

1574 1529 1578 1557 i

1563 1626 1578 1675 ἑ

1537 1713 1540 1716 -
1562 1682 1578 1764 ³.

1563 1771 1578 1823 Ξ

1561 1828 1578 1888 ἐ
